1604 2528
782 78 824 109 26

180 199 239 232 das
261 209 333 231 esse
355 199 438 231 satis
452 199 629 232 verisimile
645 204 707 232 est.
739 200 795 233 Ad
811 210 892 241 quas
908 200 1153 233 summovendas
1170 199 1239 231 sive
1254 201 1296 232 ad
1309 210 1417 232 rerum

179 252 331 281 naturam
357 250 560 280 revocandas
589 250 740 289 sufficiet,
773 251 857 289 quod
883 253 1136 290 perscrutemur,
1168 258 1326 288 quaenam
1348 249 1419 280 sola

180 297 354 337 Pompeius
369 297 511 338 Trogus,
535 308 627 338 quem
642 300 783 331 alterum
799 303 875 331 ante
892 300 1000 331 oculos
1014 298 1170 330 habuisse
1185 298 1417 336 contendimus,

181 350 221 380 ab
243 349 304 381 hoc
325 352 438 388 petere
460 349 615 387 potuerit,
638 358 700 388 qno
716 349 804 380 facto
820 348 1049 381 similitudines
1064 348 1139 379 illas
1154 356 1276 387 paucas
1292 348 1418 386 quidem

179 398 267 430 haud
289 397 541 429 contemnendas
563 400 677 428 extare
699 397 908 429 inveniemus.

258 446 387 478 Iustum
401 446 522 476 bellum
538 455 572 477 se
588 445 729 477 conflare
751 445 960 478 Mithridates
982 446 1045 477 nisi
1059 445 1277 485 Pompeianus
1300 445 1416 476 docere

182 505 245 528 non
266 498 385 536 potest,
407 495 601 535 praesertim
617 504 688 527 cum
703 495 900 535 simultates,
922 505 1003 535 quas
1020 504 1089 527 cum
1104 495 1261 527 Romanis
1275 494 1417 534 Paphla-

179 545 287 584 gonia,
309 545 528 584 Cappadocia,
550 545 623 575 aliis
645 544 745 575 terris
760 545 928 583 occupatis
945 548 1114 584 susceptas
1129 545 1281 583 habebat,
1303 552 1415 575 verum

180 593 208 624 si
229 593 414 631 quaerimus
436 601 499 623 non
520 593 612 623 modo
634 601 697 622 non
724 592 756 622 in
783 592 908 623 incerto
935 593 1170 631 relinquerent,
1202 596 1277 623 uter
1298 592 1417 623 vicino-

179 651 249 674 rum
271 650 390 673 curans
412 641 546 680 negotia
566 650 677 680 pacem
693 640 889 678 turbaverit,
910 641 968 672 sed
988 641 1145 673 Romanis
1167 641 1276 681 potius
1298 641 1331 672 in
1353 641 1417 672 cul-

178 700 253 730 pam
279 692 561 728 converterentur,
592 690 624 720 id
657 690 742 729 quod
768 699 808 720 ex
833 689 976 729 Appian.
1004 690 1217 721 Mithridatio.
1247 700 1272 721 c.
1301 690 1417 721 16-18

179 739 363 771 luculenter
385 739 565 779 apparet¹).
607 739 703 770 Licet
725 739 935 770 Mithridates
963 738 1123 779 Bithynia
1145 739 1417 780 Cappadociaque

180 797 219 820 ex
240 788 367 828 imperii
387 788 576 828 proferendi
597 789 746 829 cupidine
760 798 915 828 possessa
928 788 1100 820 materiam
1116 792 1149 820 et
1165 798 1277 820 ansam
1292 788 1415 820 dissen-

181 838 305 868 sionum
327 837 529 876 praebueiit,
558 838 634 876 quid
656 847 775 869 causae
797 838 860 869 fuit
881 837 1047 875 Romanis,
1071 846 1171 876 quare
1194 838 1325 869 adducti
1345 846 1417 876 pre-

180 886 270 916 cibus
296 885 401 916 Asiae
428 885 607 916 incolarum
633 889 826 916 vexatorum
851 885 995 916 remedia
1021 885 1088 916 sint
1113 885 1265 923 polliciti,
1291 885 1356 916 nisi
1381 888 1418 915 ut

179 934 242 973 ipsi
265 942 390 972 quoque
405 936 513 964 terras
528 933 604 964 illas
620 933 794 972 aliquando
810 932 1019 964 obsiderent?
1052 932 1160 971 Quid?
1192 932 1307 964 Nonne
1321 932 1417 964 Nico-

179 982 303 1013 medem
325 985 358 1012 et
373 981 635 1012 Ariobarzanem
657 982 830 1013 restitutos
852 982 885 1012 in
906 989 1010 1019 regna
1031 980 1156 1012 hortati
1177 984 1262 1018 sunt,
1284 984 1320 1012 ut
1341 981 1417 1013 vici-

180 1039 254 1061 nam
277 1029 481 1060 Mithridatis
514 1030 671 1061 dicionem
699 1029 938 1060 incursionibus
967 1029 1114 1060 vexando
1140 1029 1311 1060 materiam
1339 1029 1418 1060 belli

182 1081 379 1119 quaererent
401 1074 628 1116 (ἀνέπειθον
648 1075 713 1127 τὴν
733 1077 803 1126 γῆν
823 1073 888 1125 τὴν
910 1072 1148 1123 Μιθριδάτου
1169 1073 1417 1125 κατατρέχειν

183 1130 247 1169 καὶ
274 1131 318 1175 ές
337 1131 512 1180 πόλεμον
537 1129 728 1179 ἐρεθίζειν
745 1131 803 1172 ὡς
818 1127 1021 1178 Ῥωμαίων
1042 1128 1174 1173 αὐτοῖς·
1200 1129 1417 1178 πολεμοῦσι

184 1186 518 1236 συμμαχησάντων
542 1200 610 1230 cap.
628 1191 660 1222 11
685 1200 714 1230 p.
736 1191 803 1229 449,
826 1191 864 1221 18
878 1190 926 1220 ed.
942 1189 1207 1227 Mendelssohn)?
1239 1189 1416 1229 Pelopidae

179 1250 269 1289 regis
299 1242 564 1293 ἀδικουμένου
595 1250 699 1289 legati
729 1250 870 1289 querelis
891 1249 1013 1280 tumide
1035 1252 1067 1280 et
1089 1249 1221 1280 fortiter
1242 1249 1417 1288 responde-

178 1311 242 1345 tur,
273 1318 347 1339 uam
388 1300 559 1352 ἔγνωστο
592 1301 638 1339 ἐκ
668 1302 815 1339 πολλοῦ
847 1302 928 1343 τοῖς
957 1299 1161 1349 Ῥωμαίων
1192 1302 1423 1351 στρατηγοῖς·

178 1358 402 1410 ἐπικουρεῖν
434 1361 645 1412 Νικομήδει
682 1360 747 1398 καὶ
787 1361 833 1406 ἐς
864 1359 1064 1409 ὑπόκρισιν
1098 1362 1166 1410 τῆς·
1204 1357 1423 1409 ἀντιλογίας·

178 1414 380 1466 ἠκροῶντο
409 1427 545 1463 propter
565 1415 630 1467 τὴν
659 1417 727 1453 τοῦ
757 1414 996 1466 Μιθριδάτου
1027 1414 1152 1465 φιλίαν
1183 1413 1420 1465 ἐνσύνι9ηκιιν

182 1471 236 1512 ἔτι
274 1473 396 1513 οὖσαν
432 1483 515 1522 (cap.
548 1483 586 1514 14
616 1492 645 1522 p.
677 1483 745 1520 4:32,
777 1483 839 1521 25).
886 1473 951 1519 Ὡς·
988 1473 1176 1524 ἐμφανῶς
1207 1473 1286 1526 ἤδη
1319 1472 1423 1523 πρὸς

182 1529 387 1582 Ῥωμαίων
419 1535 684 1583 ἀδικούμενος
718 1542 801 1582 (cap.
825 1542 862 1573 15
883 1552 912 1581 p.
934 1541 1001 1578 453,
1025 1540 1085 1579 12),
1118 1549 1186 1571 cum
1219 1549 1275 1571 eos
1303 1540 1420 1571 iterum

180 1590 269 1629 loqui
284 1590 432 1621 volentes
452 1591 679 1625 inhibuissent,
694 1591 903 1621 Mithridates
918 1591 1149 1620 Ariobarzane
1165 1589 1298 1627 expulso
1314 1598 1415 1627 regno

178 1639 303 1677 potitus
335 1642 395 1677 est,
428 1640 512 1678 quod
544 1640 597 1678 qui
629 1640 807 1670 excusabat
837 1632 1124 1683 φορτικώτερον
1156 1629 1271 1667 αὐτὸν
1301 1629 1421 1668 εἰπεῖν

180 1690 392 1741 ἡγούμενοι
420 1689 608 1728 ἐκέλευον
637 1690 752 1728 αὐτὸν
774 1687 1022 1727 visionum»)
1041 1689 1165 1733 εὐθὺς·
1186 1687 1328 1729 ἐξιέναι
1354 1690 1420 1725 τοῦ

180 1743 451 1793 στρατοπέδου
475 1752 557 1791 (cap.
575 1752 611 1783 16
626 1762 655 1791 p.
670 1752 737 1790 455,
755 1752 814 1789 18).
853 1743 974 1782 Ταῦτα
987 1742 1163 1788 εἰπόντες
1178 1740 1249 1780 οὐκ
1266 1741 1422 1792 ἀναμειί

180 1817 288 1842 ναντε
346 1802 436 1852 περὶ
471 1805 642 1841 τοσοῦδε
679 1804 855 1853 πολέμου
892 1803 956 1855 τὴν
987 1803 1135 1855 βουλὴν
1156 1802 1179 1853 ἢ
1204 1801 1267 1839 τὴν
1297 1803 1422 1852 δῆμον

180 1858 427 1908 ἐπιγνώμονα
457 1857 644 1908 γενέσθαι
666 1858 845 1908 στρατιὰν
865 1859 1025 1910 ἤγειρον
1056 1865 1138 1904 (cap.
1161 1863 1198 1894 17
1219 1873 1250 1902 p.
1271 1863 1338 1902 455,
1362 1863 1422 1900 16).

181 1915 274 1953 Quae
296 1914 455 1945 historiae
478 1917 643 1945 auctorem
664 1915 765 1953 illum,
788 1914 841 1953 qui
863 1915 947 1953 quod
969 1914 1042 1945 aliis
1067 1914 1101 1945 in
1126 1915 1224 1945 rebus
1248 1913 1422 1954 descriptis

184 1963 342 1994 Romanis
365 1963 458 1994 nimis
480 1963 601 1995 faverit
622 1963 802 1999 incusatur,
825 1964 998 1994 secundum
1020 1973 1075 1994 eos
1107 1972 1171 1994 non
1194 1962 1422 2001 composuisse,

182 2020 273 2041 nemo
301 2011 365 2041 erit
392 2012 468 2050 quin
495 2012 672 2048 existinlet;
701 2012 794 2042 immo
816 2021 895 2043 vero
922 2011 1122 2050 verissime-3
1151 2020 1223 2042 eum
1250 2010 1421 2049 scripsisse

184 2059 353 2097 probabile
377 2063 436 2094 est,
460 2060 576 2098 quibus
598 2060 629 2089 in
653 2060 814 2098 capitibus
831 2060 883 2090 vel
905 2068 943 2089 ex
959 2060 1098 2090 Romani
1121 2059 1301 2098 scriptoris,
1323 2058 1421 2094 Livii,

264 2195 285 2232 ¹)
307 2195 363 2226 Res
378 2195 422 2225 ita
442 2205 504 2225 sese
525 2195 632 2225 habere
653 2196 847 2225 Monnnsenus
869 2206 979 2234 quoque
1000 2195 1068 2224 hist.
1085 2194 1180 2225 Rom.⁴
1195 2195 1224 2224 11
1247 2205 1274 2232 p.
1297 2195 1353 2224 285
1374 2195 1422 2223 fin.

184 2242 234 2270 pro
261 2235 342 2263 certo
361 2236 454 2270 putat.

267 2271 289 2309 ²²)
311 2271 346 2301 cf.
362 2272 442 2300 Alex.
456 2272 600 2300 Doniinici
622 2272 657 2301 dc
676 2272 807 2309 Appiano
830 2281 924 2301 rerum
944 2272 1137 2301 Romanorum
1153 2272 1291 2309 scriptore
1313 2270 1424 2300 Graeco

179 2318 285 2340 comm.
309 2309 532 2340 Confluentibus
554 2310 627 2339 1844
648 2319 676 2348 p.
699 2311 733 2339 19
755 2319 816 2349 sqq.
