1604 2528
195 174 198 179 ·
273 171 313 182 -ψ
332 155 375 187 ib.
398 156 448 188 18
480 157 573 197 Quae
598 159 684 197 apud
709 158 904 191 Sallustium
927 166 1008 189 rara
1031 157 1197 188 fuerunt.
1249 179 1257 187 .
1284 154 1319 187 111
1344 154 1426 185 haec

195 188 369 247 incidebat,
391 208 427 237 at
446 204 628 239 Arruntius
647 207 708 239 illa
728 208 917 247 quaerebat.
951 206 1055 239 Vides
1077 207 1184 237 autem
1208 203 1284 243 quid
1311 210 1425 242 sequa-

191 252 264 288 ’,1111-
283 253 339 284 ubi
359 253 457 285 alicui
476 255 592 287 vitium
611 264 670 294 pro
692 256 838 295 exemplo
859 258 919 286 est.

275 300 360 333 Stat.
382 302 452 334 silv.
474 302 527 336 IV
547 304 575 342 7,
596 303 649 335 53:
691 303 756 335 Sed
776 306 858 335 tuas
875 306 966 334 artes
986 311 1068 342 puer
1090 305 1167 333 ante
1188 300 1303 337 discat,

689 351 790 384 Omne
812 352 883 392 quis
903 351 1014 384 mundi
1034 350 1159 382 senium
1178 357 1347 380 remensus

688 401 775 433 Orsa
795 400 935 433 Sallusti
954 400 1065 432 brevis
1086 402 1121 430 et
1141 398 1268 430 Timaei

838 449 963 480 Reddis
985 448 1156 478 alumnum.

246 495 416 528 Martial.
438 496 541 535 epigr.
562 497 582 528 1.
603 496 689 529 XIV
711 497 781 528 191:
803 496 991 528 Sallustius.

351 543 418 575 Hic
439 545 512 581 erit,
533 547 571 576 ut
590 545 765 584 perhibent
786 545 953 576 doctorum
974 544 1073 575 corda
1093 543 1247 578 virorum,

213 619 216 620 .
468 592 599 624 Primus
618 593 768 624 Romana
789 593 926 632 Crispus
947 593 982 623 in
1001 592 1150 623 historia.

275 639 411 679 Quintil.
442 640 480 671 II
510 640 538 679 5,
572 641 608 672 19
640 640 702 678 (οᾱ.
733 640 906 679 Bonnell):
959 640 1032 680 Ego
1064 639 1201 679 optimos
1234 638 1361 677 quidem
1392 639 1427 667 et

61 681 84 729 J·
137 676 145 704 ⁷·
196 688 308 719 statim
330 690 363 718 et
393 698 529 727 semper,
561 689 619 719 sed
650 692 759 720 tamen
790 697 901 719 eorum
933 688 1195 719 candidissimum
1217 695 1373 725 quemque
1394 687 1429 716 et

190 736 333 767 maxime
355 737 536 775 expositum
557 737 663 775 velim,
684 739 722 768 ut
741 736 872 767 Livium
893 746 913 767 a
933 736 1044 775 pueris
1071 735 1177 774 magis
1204 743 1298 773 quam
1320 733 1428 764 Sallu-

125 783 128 784 ’
184 783 372 823 0111111ηο1
391 784 444 832 hic
464 785 622 816 historiae
643 785 746 816 maior
767 788 819 816 est
841 787 964 831 auctor,
991 784 1033 815 ad
1055 792 1148 823 quem
1168 786 1279 814 tamen
1299 780 1427 813 intelle-

195 808 335 875 gendum
356 832 420 864 iam
440 833 590 872 profectu
611 843 691 873 opus
713 834 765 865 sit.

273 896 312 901 —-
332 880 390 912 ΙΙΙ
411 881 438 919 8,
460 882 491 913 9:
519 882 544 913 J
546 885 719 913 socrates
737 881 889 921 Gorgias.
932 882 1021 921 Quos
1054 883 1185 912 secutus
1207 880 1361 911 videlicet
1387 878 1426 910 C.

106 918 137 953 <v
199 927 378 960 Sallustius
409 929 443 960 in
474 929 560 960 bello
591 930 794 969 Jugurthino
817 933 851 961 et
873 929 1038 961 Catilinae
1070 928 1152 959 nihil
1182 928 1224 959 ad
1254 927 1425 958 historiam

194 976 433 1016 pertinentibus
453 978 621 1016 principiis
644 987 737 1009 orsus
761 981 819 1009 est.

279 1041 309 1045 —
331 1024 384 1057 IV
397 1025 424 1063 2,
439 1025 492 1056 45:
513 1025 649 1056 vitanda
670 1028 721 1056 est
743 1026 842 1057 etiam
862 1026 920 1057 illa
942 1025 1156 1063 Sallustiana,
1178 1033 1370 1063 quamquam
1390 1023 1425 1054 in

193 1069 265 1111 ipso
285 1072 419 1105 virtutis
439 1073 544 1104 locum
565 1073 699 1112 obtinet,
719 1074 866 1105 brevitas
881 1077 915 1104 et
929 1074 1102 1111 abruptum
1128 1072 1287 1103 sermonis
1310 1080 1424 1111 genus,

195 1120 280 1159 quod
300 1121 437 1152 otiosum
450 1121 592 1153 fortasse
606 1122 761 1153 lectorem
781 1122 885 1153 minus
905 1121 1011 1160 fallat,
1026 1120 1220 1152 audiendum
1234 1119 1423 1151 transvolat

194 1177 255 1199 nec
275 1169 349 1199 dum
369 1172 541 1211 repetatur
562 1172 740 1209 exspectat.

274 1233 310 1238 —-
342 1216 433 1248 VIII
465 1218 492 1256 3,
523 1217 575 1248 29:
621 1217 691 1249 Nec
723 1218 829 1249 minus
863 1220 940 1248 noto
975 1217 1153 1249 Sallustius
1188 1217 1424 1256 epigrammate

139 1258 151 1261 “
193 1263 382 1296 incessitur:

348 1313 395 1344 Et
415 1314 518 1344 verba
539 1313 663 1353 antiqui
683 1313 817 1345 multum
838 1314 948 1345 furate
970 1313 1117 1351 Catonis,

467 1360 592 1400 Crispe,
612 1361 637 1393 J
639 1362 836 1400 ugurthinae
857 1362 1005 1393 conditor
1025 1362 1193 1393 historiae.

271 1425 309 1430 -—
327 1410 376 1449 ib.
398 1409 450 1441 44:
493 1410 627 1441 ductare
658 1411 821 1441 exercitus
854 1414 888 1441 et
916 1413 1052 1450 patrare
1077 1411 1166 1441 bella
1197 1412 1284 1450 apud
1315 1410 1422 1442 Sallu-

194 1456 292 1488 stium
313 1456 400 1488 dicta
421 1461 533 1489 sancte
555 1460 589 1489 et
609 1458 742 1497 antique
762 1458 954 1497 ridentibus,
976 1458 1004 1490 si
1025 1458 1074 1502 dis
1095 1458 1212 1498 placet.

273 1522 307 1526 -
329 1506 370 1536 ib.
393 1506 443 1537 82:
474 1506 527 1537 Ac
546 1507 661 1537 merito
680 1507 836 1537 laudatur
855 1508 1002 1539 brevitas
1023 1507 1167 1546 integra3
1188 1508 1246 1539 sed
1260 1518 1300 1539 ea
1314 1508 1419 1539 minus

192 1556 352 1592 praestat,
385 1554 533 1592 quotiens
564 1554 645 1585 nihil
676 1554 764 1593 dicit,
795 1554 860 1585 nisi
891 1555 974 1593 quod
1006 1564 1139 1586 necesse
1171 1559 1231 1593 est,
1263 1559 1314 1587 est
1343 1565 1422 1587 vero

153 1639 156 1640 ⁷
192 1601 420 1640 pulcherrima,
449 1611 519 1632 cum
550 1603 646 1641 plura
666 1603 779 1641 paucis
801 1603 1037 1642 complectitur:
1070 1604 1164 1642 quale
1186 1603 1339 1635 Sallustii
1358 1607 1423 1635 est:

192 1649 402 1680 Mithridates
424 1659 559 1688 corpore
579 1650 716 1687 ingenti.
736 1651 871 1689 proinde
893 1654 1048 1682 armatus.

272 1713 307 1719 —
329 1697 421 1729 VIII
442 1698 470 1735 6,
490 1697 542 1728 59:
564 1697 734 1729 circuitum
754 1698 910 1736 quendam
927 1698 1106 1737 eloquendi,
1128 1700 1182 1738 qui
1196 1709 1423 1738 nonnunquam

192 1745 422 1777 necessitatem
442 1746 551 1785 habet,
574 1746 722 1784 quotiens
745 1746 831 1777 dictu
855 1746 1011 1777 deformia
1032 1746 1151 1786 operit:
1173 1750 1211 1779 ut
1230 1747 1422 1780 Sallustius:

192 1792 248 1824 Ad
268 1794 429 1832 requisita
451 1797 600 1824 naturae.

271 1858 309 1863 —
328 1842 381 1874 IX
395 1843 423 1881 3,
439 1842 489 1874 12:
512 1835 713 1889 ἑτέρωσιν,
737 1843 788 1874 0111
806 1852 870 1874 11011
885 1843 1050 1875 dissimilis
1072 1836 1268 1890 ἐξαλλαγὴ
1290 1845 1421 1880 dicitur:

193 1894 231 1923 ut
251 1892 340 1931 apud
362 1891 567 1924 Sallustimn:
601 1892 724 1932 ,Neque
746 1900 785 1923 ea
806 1902 859 1924 res
891 1893 1009 1924 falsum
1039 1903 1089 1925 me
1120 1895 1244 1926 habuit‘
1276 1898 1310 1926 et
1340 1895 1421 1934 ,duci

191 1941 352 1980 probare.⁶

271 2005 310 2010 —
330 1988 371 2019 ib.
395 1988 445 2019 17:
476 1988 529 2019 Ex
550 1987 678 2020 Graeco
706 1998 784 2021 vero
816 1989 986 2021 translata
1013 1990 1066 2021 vel
1093 1990 1245 2022 Sallustii
1274 1991 1423 2031 plurima,

195 2037 290 2077 quale
312 2039 363 2068 est
384 2037 524 2076 Vulgus
546 2041 635 2069 amat
654 2038 744 2070 fieri.⁴

270 2102 310 2107 —
330 2085 383 2116 IX
402 2086 431 2125 4,
452 2086 504 2117 77:
531 2086 604 2118 Non
624 2087 747 2118 minore
769 2090 877 2118 autem
899 2097 978 2118 cura
998 2088 1165 2120 vitandum
1188 2092 1247 2128 est,
1270 2089 1424 2128 quidquid

193 2137 245 2178 est
252 2110 460 2178 ἔνρυθμον,
473 2135 568 2174 quale
580 2135 667 2175 apud
678 2135 883 2167 Sallustium:
896 2136 924 2167 F
927 2137 997 2168 also
1009 2137 1158 2176 queritur
1170 2137 1208 2168 de
1224 2140 1344 2169 natura
1355 2147 1422 2169 sua.

270 2199 309 2204 -
329 2181 361 2213 X
383 2184 409 2223 1,
430 2183 483 2216 32:
514 2193 619 2224 neque
643 2185 703 2217 illa
729 2184 934 2217 Sallustiana
963 2186 1121 2224 brevitas,
1153 2196 1216 2225 qua
1235 2187 1317 2218 nihil
1338 2187 1424 2227 apud

194 2240 291 2265 aures
312 2241 433 2266 vacuas
456 2236 553 2275 atque
575 2234 721 2266 eruditas
741 2237 852 2277 potest
873 2244 945 2266 esse
971 2235 1159 2279 perfectius,
1182 2236 1268 2275 apud
1288 2245 1423 2279 occupa-
