1604 2528
747 118 790 151 33

156 220 189 254 4:
209 230 269 262 pro
291 221 386 253 hoste
404 221 559 253 habitum.

155 270 189 303 5:
209 270 334 303 maiora
356 270 480 302 haberi.

211 319 446 359 carthaginem
467 319 616 350 deletam.

157 368 190 400 6:
210 368 317 408 patris
337 367 520 400 memoriae.

157 418 189 450 6:
210 417 365 457 triumphi
396 416 616 457 spectaculum
646 425 740 456 expe-

208 466 303 497 ritur.

157 523 183 546 c.
203 514 232 552 7,
254 513 287 546 2:
308 513 445 554 imperia
465 512 616 553 experiri.

158 564 191 596 7:
213 564 340 596 scilicet
361 563 437 602 quia
463 587 470 594 .
495 587 502 594 .
528 587 535 594 .
556 561 740 593 habuerint.

209 615 363 650 pastores
383 610 609 648 Aboriginum.

157 659 190 691 8:
212 659 401 691 divitiarum
421 659 543 690 avidos.

111 732 114 733 γ
157 718 183 740 c.
204 707 236 747 7,
255 708 288 739 2;
310 717 445 747 quarum
462 707 608 747 gentium
622 707 745 739 nullam

213 781 220 788 .
241 781 248 788 .
270 782 277 788 .
300 757 478 795 attigisset.

156 804 189 837 4:
211 804 318 837 virtus
340 804 446 836 animi.

212 854 354 886 locorum
377 854 615 886 solitudinibus.

210 1000 326 1038 ingens
347 1000 483 1032 militiae
507 1000 744 1041 periculumbac

211 1050 313 1081 labor.

158 1147 191 1179 5:
212 1146 299 1178 inter
320 1156 400 1186 quas
420 1147 640 1179 difficultates.

213 1205 288 1234 spes
308 1196 452 1234 praemii.

212 1243 317 1281 hostis
337 1252 451 1283 vagus.

211 1292 341 1332 ingredi
362 1293 522 1325 diversam
544 1293 623 1325 belli

212 1342 435 1374 conditionem.

186 1401 193 1421 :
215 1390 335 1421 bellum
355 1389 461 1422 facile.

186 1451 192 1471 :
215 1439 312 1471 avida
332 1439 425 1472 Asia.

185 1488 446 1520 :calumniarum
466 1488 580 1520 litium.

160 1536 193 1568 9:
215 1535 382 1576 Scythiam
403 1538 503 1569 adire.

160 1390 179 1519 <231oe

801 220 875 259 Ing.
897 219 964 258 103,
977 219 1006 251 5.

801 268 875 308 Ing.
896 267 944 307 92,
957 268 983 299 1.

801 317 875 356 Ing.
896 317 944 355 41,
956 316 984 347 2.

800 365 874 405 Iug.
895 364 943 402 24,
955 365 1002 396 10.

799 415 874 453 Ing.
896 414 942 453 14,
959 412 1010 452 233
1044 411 1206 453 ,experiri‘
1237 411 1390 451 frequens

840 465 900 493 est.

801 560 875 599 Iug.
897 559 945 598 85,
957 559 1004 591 25.
1026 558 1102 590 hist.
1125 558 1144 589 Ι
1164 557 1212 595 41,
1226 557 1272 588 17.

803 609 877 640 Cat.
898 609 965 646 6,1.

803 657 877 696 Iug.
900 657 947 696 15,
958 656 986 688 4.

804 706 877 745 Iug.
901 705 977 744 17,1
999 704 1068 743 (ubi
1089 702 1277 743 attingendi
1291 702 1392 735 verbo

843 755 910 786 alia
929 755 1016 785 inest
1036 754 1115 791 vis!)

805 803 879 835 Cat.
901 803 967 842 1,5.
988 803 1055 842 2,3.
1076 801 1164 840 53,1.

804 853 879 884 hist.
902 852 961 884 III
980 852 1030 891 52,
1057 860 1150 891 quem
1170 850 1275 882 locum
1290 850 1324 881 in
1339 850 1392 881 de-

847 902 1023 941 scriptione
1051 901 1150 932 Ponti
1184 899 1392 931 statuendum

844 959 916 981 esse
937 949 1091 980 Kritzius
1111 948 1243 980 monuit.

805 999 878 1031 Cat.
902 999 947 1039 10,
959 999 986 1030 2.
1013 998 1087 1038 Iug.
1108 998 1195 1036 44‚1.
1222 997 1314 1036 85,7;
1343 997 1390 1028 30.

843 1049 890 1087 92,
903 1049 930 1080 8.
951 1048 1027 1080 hist.
1044 1048 1082 1079 II
1096 1048 1144 1085 41,
1157 1048 1203 1079 14.
1225 1047 1311 1081 96.1.
1333 1045 1391 1077 III

805 1146 878 1178 Cat.
899 1147 947 1185 57,
959 1145 985 1177 2.
1008 1146 1081 1185 lug.
1103 1145 1169 1184 7,1.
1191 1145 1278 1184 90,1.

803 1195 879 1226 hist.
900 1194 958 1225 111
978 1195 1005 1225 8.

803 1243 879 1274 hist.
901 1242 940 1274 ΙΙ.
960 1243 1000 1274 80

803 1293 879 1324 hist.
901 1291 939 1324 ΙΙ
958 1292 1006 1324 45.
1038 1291 1103 1332 Iug
1122 1291 1209 1330 421.
1231 1291 1278 1330 43,
1289 1290 1317 1322 2.

806 1341 878 1372 Cat.
900 1341 948 1379 21,
961 1342 987 1372 1.

804 1389 877 1429 Iug.
899 1390 948 1428 36,
958 1389 986 1421 3.
1008 1389 1094 1429 83‚1.

803 1439 879 1471 hist.
901 1439 940 1471 II
961 1439 1007 1471 19.

805 1488 878 1519 Cat.
899 1489 947 1526 30,
958 1489 986 1519 4.

804 1537 878 1576 Iug.
898 1537 985 1574 89,1.

240 1584 385 1625 Quorum
406 1587 445 1618 de
466 1586 630 1618 nonnullis
652 1596 753 1626 supra
778 1586 942 1618 disserere
969 1589 1003 1618 et
1029 1586 1150 1618 addere
1176 1585 1334 1625 quaedam
1360 1585 1394 1617 in

160 1643 229 1665 rem
250 1643 322 1665 esse
342 1635 482 1666 videtur.

241 1681 294 1713 Ac
313 1682 450 1722 primum
472 1682 600 1723 quidem
614 1683 648 1714 in
662 1682 830 1714 elementis
846 1683 1078 1723 grammaticae
1094 1683 1288 1723 disciplinae
1303 1691 1395 1713 usum

161 1730 337 1763 formarum
347 1733 468 1764 tertiae
478 1741 639 1772 personae
650 1732 789 1772 pluralis
800 1732 939 1772 perfecti
951 1732 1051 1764 activi
1062 1732 1095 1763 in
1111 1741 1197 1763 -ere
1209 1731 1394 1763 exeuntium

162 1788 180 1809 e
195 1778 355 1810 Sallustio
377 1779 523 1819 Trogum
544 1780 607 1811 sibi
627 1780 812 1811 vindicasse
833 1790 892 1818 pro
907 1783 996 1811 certo
1012 1780 1146 1810 affirmo.
1187 1780 1228 1810 In
1243 1779 1395 1810 Sallustii

162 1825 244 1858 enim
267 1826 398 1866 scriptis
419 1827 547 1858 infinita
567 1836 669 1867 prope
691 1831 725 1858 et
745 1827 1026 1865 inuumerabilia')
1048 1827 1137 1858 illius
1152 1826 1393 1857 terminationis

162 1875 310 1914 exempla
330 1875 550 1915 inveniuntur,
578 1879 694 1907 contra
715 1884 797 1915 quae
818 1876 955 1916 exiguus
977 1884 1128 1906 numerus
1149 1875 1182 1906 in
1204 1874 1319 1911 ,erunt‘
1341 1874 1394 1905 de·

164 1923 338 1954 sinentium
358 1928 495 1963 pugnat,
521 1933 591 1955 cum
617 1932 780 1963 nunquam
801 1924 887 1963 apud
907 1924 1074 1962 Nepotem,
1097 1923 1182 1962 apud
1204 1922 1394 1953 Ciceronem

162 1971 226 2002 uisi
241 1971 348 2002 tribus
369 1972 449 2003 locis
470 1981 534 2003 non
555 1972 701 2011 legamus
709 1972 733 2010 ²)
755 1972 890 2003 formam
911 1972 945 2002 in
966 1971 1051 2009 ‚ere.‘
1083 1971 1170 2010 Quin
1192 1970 1295 2009 Trogi
1317 1980 1342 2002 c.
1364 1971 1393 2009 4,

163 2019 214 2050 10:
236 2019 301 2058 ,ubi
321 2019 506 2051 consedere‘
529 2023 563 2051 et
576 2020 603 2059 6,
616 2020 648 2051 3:
671 2019 773 2059 ,fuere
789 2018 970 2050 transiecti‘
985 2019 1111 2050 nonita
1134 2018 1261 2058 quidem
1281 2019 1394 2051 valere

245 2166 323 2204 ¹.)of
344 2166 411 2196 Cat.
431 2167 476 2201 45,
491 2167 509 2196 3
529 2176 557 2205 p.
579 2167 633 2196 173
661 2176 721 2205 sqq.
751 2167 795 2196 ed.
816 2167 948 2196 Dictsch.
975 2167 1053 2204 Lips.
1087 2167 1149 2196 sine
1181 2168 1248 2197 anni
1277 2167 1394 2197 indicio.

341 2205 469 2235 Lawsl.
489 2205 510 2235 1.
528 2214 556 2243 p.

243 2243 266 2282 2)
287 2243 393 2288 Zumpt
412 2244 467 2273 lat.
487 2242 622 2281 Grtkssp
624 2243 717 2278 .175‚
729 2244 756 2273 5.

579 2205 614 2234 10
634 2214 687 2242 cap
690 2205 768 2235 ..VI

287 2252 412 2320 Reisig’s
431 2253 634 2319 Vorlesungepn
661 2280 733 2311 iiber
759 2281 1148 2320 1at.Sprachwissenschaft
1174 2281 1229 2310 mit
1257 2281 1395 2311 Anmerk.

333 2329 388 2349 von
409 2320 520 2351 Haase
527 2329 555 2358 p.

576 2320 641 2350 244.
662 2319 747 2349 Anm.
768 2320 837 2349 269.

288 2358 372 2388 Neue
391 2358 443 2387 lat.
463 2357 690 2388 Formenlehre²
708 2358 739 2387 11
759 2367 787 2396 p.
807 2358 873 2387 390.
