1604 2528
770 82 813 114 18

174 189 322 221 oratione
349 191 486 229 quadam
514 196 662 233 excepta,
695 203 777 234 quae
804 194 974 235 scriptoris
1000 193 1165 234 ipsissima
1190 195 1294 227 verba
1313 204 1408 236 prae·

172 237 274 269 beant
303 239 521 280 loquendique
553 250 645 274 usum
673 247 772 284 atque
799 244 956 276 sermonis
977 243 1199 284 proprietates
1220 244 1408 285 explanent,

173 287 267 318 nobis
288 297 352 319 non
372 291 601 322 remanserint.
643 292 777 328 Verum.
804 296 841 324 ut
861 294 985 333 opinor,
1018 293 1203 324 etiamnunc
1233 293 1267 324 in
1287 289 1409 325 Iustini

172 336 312 375 epitome
334 345 398 367 non
419 338 598 370 mediocres
621 343 720 379 atque
741 350 864 380 paucas
879 341 982 380 Trogi
1002 341 1105 381 ipsius
1119 341 1276 380 reliquias
1296 350 1408 381 super-

173 385 270 416 stites
301 385 473 425 habemus;
505 397 578 420 nam
610 389 775 422 interdum
808 391 853 422 ibi
878 391 1041 430 pleniores
1067 390 1276 422 narrationes
1302 392 1335 421 te
1361 390 1408 423 in-

174 433 287 465 venire
309 435 395 471 licet,
423 445 506 475 quae
539 446 559 468 a
584 437 713 470 Iustino
746 443 814 471 tam
846 440 974 480 copiose
1000 442 1165 479 nequeunt
1190 438 1408 479 amplificatae

174 491 256 520 esse,
279 493 348 515 cum
370 486 474 516 multa
495 486 561 517 alia
582 488 624 518 ad
644 497 754 520 rerum
783 492 951 527 gestarum
978 489 1123 520 ordinem
1148 487 1408 528 perspiciendum

173 540 211 563 ac
237 535 327 563 recte
354 534 527 565 tenendum
561 537 699 567 maxime
730 537 920 568 necessaria
950 547 1013 569 non
1044 537 1136 569 modo
1168 545 1233 568 non
1262 537 1409 568 breviter

173 581 385 620 contraxerit,
409 583 466 614 sed
488 583 586 615 etiam
609 585 736 616 omnino
759 586 947 625 omiserit¹),
970 596 1071 626 quare
1085 586 1189 618 habeo
1203 594 1405 626 persuasum,

171 628 205 660 in
244 629 310 661 illis
350 631 514 669 integram
555 632 659 673 Trogi
698 636 921 667 narrationem
961 645 1132 675 apparere.
1193 635 1305 674 Atque
1343 634 1407 666 iam

170 676 391 710 Borchardtio
427 681 580 713 innitenti
614 683 760 722 prologis
795 684 1007 715 historiarum
1046 684 1316 724 Philippicarum,
1354 682 1407 722 qui

172 725 373 764 singulorum
397 738 508 760 earum
530 730 687 762 librorum
709 735 905 770 argumenta
926 732 1073 764 breviter
1094 732 1277 763 edocent—
1291 734 1325 762 et
1342 739 1408 762 non

172 773 207 805 in
228 773 401 815 Iustinum,
423 777 480 808 sed
501 778 535 810 in
550 778 695 818 Trogum
718 780 833 820 scripti
849 784 933 819 sunt,
955 781 989 812 in
1005 781 1120 819 quibus
1135 789 1197 811 non
1213 779 1280 811 sint
1293 787 1409 818 pauca,

173 830 256 861 quae
282 823 316 853 in
343 823 473 856 Iustino
500 826 627 858 frustra
653 828 790 867 indages
820 846 854 850 —
878 838 917 860 ex
944 828 1048 867 Trogi
1074 827 1308 859 consuetudine
1333 827 1408 858 inde

172 870 312 901 collecta
354 881 463 903 rerum
500 875 753 915 uniuscuiusque
784 877 896 916 populi
932 877 1072 907 historia
1107 875 1408 914 comprehendendi,

173 927 238 957 qua
261 922 295 950 et
316 922 461 959 gentium
484 923 591 961 situm,
618 924 730 963 vitam,
756 935 862 956 mores
884 928 918 956 et
943 925 1021 956 item
1046 934 1160 964 regum
1187 927 1285 963 atque
1310 923 1407 963 impe-

173 969 320 999 ratorum
342 969 467 1008 ingenii
489 971 651 1011 animique
683 973 822 1004 indolem
848 974 961 1012 paucis
989 973 1169 1012 expositam
1194 971 1407 1012 praemittere

173 1015 302 1047 solebat
329 1020 363 1048 et
391 1021 500 1050 terras
523 1020 730 1052 describebat
752 1024 849 1060 atque
871 1022 1033 1060 regiones,
1054 1022 1087 1053 in
1102 1020 1222 1052 Iustini
1243 1020 1407 1059 excerptis

170 1064 274 1094 multa
295 1064 482 1104 fragmenta
503 1070 616 1100 mutua
638 1073 768 1108 sumpta
795 1072 909 1100 extare
936 1070 1009 1100 visa
1036 1072 1121 1106 sunt,
1149 1071 1186 1100 ut
1211 1068 1275 1108 ipsi
1295 1068 1406 1108 Trogo

172 1121 211 1143 ea
242 1113 438 1147 vindicanda
469 1120 605 1156 putaret
638 1117 691 1155 (cf.
713 1118 733 1149 1.
755 1118 776 1149 1.
798 1127 827 1157 p.
851 1118 887 1149 13
910 1118 1003 1157 sqq),
1037 1126 1228 1157 quamquam
1260 1116 1406 1157 Trogum

173 1165 339 1196 auctorem
360 1174 424 1196 non
446 1166 564 1198 fecerit
584 1166 742 1198 Iustinus.

250 1210 309 1247 At,
341 1216 377 1243 ut
402 1214 463 1244 hoc
489 1224 643 1245 concesso
670 1224 723 1245 res
750 1215 798 1245 ita
825 1224 859 1245 se
890 1215 1021 1249 habeat.
1053 1215 1141 1245 locos
1163 1214 1238 1246 illos
1260 1215 1407 1253 quamvis

172 1257 275 1297 Trogi
296 1261 447 1300 proprios
469 1266 503 1293 et
525 1271 600 1294 suos
624 1272 643 1293 a
664 1262 792 1294 Iustino
814 1263 975 1303 epitomae
996 1263 1139 1294 insertos
1161 1262 1256 1294 huius
1279 1263 1407 1295 dicendi

172 1317 294 1346 genere
317 1313 351 1341 et
372 1310 608 1343 elocutionibus
630 1321 727 1351 posse
748 1312 888 1343 imbutos
915 1321 997 1349 esse,
1027 1312 1098 1351 quis
1126 1315 1178 1343 est
1206 1312 1259 1351 qui
1285 1312 1406 1351 neget?

170 1356 223 1387 De
244 1357 398 1396 loquendi
421 1363 527 1389 autem
550 1360 678 1390 ratione
700 1369 820 1398 magna
843 1369 913 1390 cum
934 1360 1119 1390 intercedat
1139 1359 1302 1390 interdum
1321 1360 1406 1391 simi-

173 1404 310 1445 litudo'2)
347 1407 435 1438 inter
467 1406 630 1438 Iustinum
662 1407 844 1447 Trogique‚
882 1416 976 1447 quam
1013 1416 1114 1447 supra
1150 1407 1405 1447 commemoravi,

171 1454 361 1494 orationem,
384 1464 422 1486 ea
445 1464 528 1494 quae
550 1456 644 1487 huius
668 1459 744 1488 sunt
765 1457 804 1488 de
826 1456 882 1487 illo
905 1455 1046 1487 eximere
1073 1455 1162 1487 nimii
1188 1456 1314 1494 negotii
1340 1465 1404 1487 non

172 1502 225 1533 sit.
269 1503 461 1542 Ubicunque
494 1504 577 1535 enim
610 1505 696 1543 apud
722 1505 885 1535 Iustinum
918 1504 1029 1534 eadem
1062 1507 1161 1542 atque
1193 1503 1226 1534 in
1257 1504 1406 1535 oratione

172 1551 276 1590 Trogi
306 1553 480 1583 verborum
513 1553 723 1591 constructio,
755 1553 838 1584 idem
865 1553 1023 1584 sermonis
1049 1562 1163 1592 genus,
1195 1553 1328 1584 eaedem
1358 1552 1405 1583 in-

172 1601 291 1632 solitae
313 1610 410 1632 voces
433 1601 750 1640 animadvertuntur,
782 1601 863 1632 haec
885 1601 991 1632 omnia
1013 1601 1180 1640 quominus
1203 1601 1306 1640 Trogi
1333 1610 1405 1632 esse

171 1657 231 1687 pro
253 1651 343 1679 certo
366 1649 510 1680 dicamus
532 1659 595 1680 non
618 1653 669 1680 est
697 1650 781 1688 quod
810 1650 929 1680 obstat.
973 1649 1201 1688 Compluribus
1227 1658 1305 1680 vero
1332 1648 1406 1679 aliis

171 1696 251 1727 locis
274 1696 436 1728 Iustinum
459 1697 591 1737 eiusque
614 1697 839 1729 additamenta
858 1696 955 1728 facile
970 1697 1183 1728 internoscas.
1219 1696 1271 1728 De
1285 1697 1406 1728 Iustini

172 1745 256 1776 enim
289 1745 472 1777 elocutione
504 1747 565 1778 iam
598 1747 702 1777 multa
734 1750 767 1777 et
794 1755 813 1776 a
833 1745 977 1784 multis³)
1011 1746 1099 1777 dicta
1130 1749 1219 1784 sunt,
1251 1745 1405 1785 Trogum,

251 1833 271 1870 ¹)
295 1833 392 1863 Pauca
419 1836 452 1862 ut
479 1834 597 1864 afferam
627 1834 765 1871 exempla,
791 1833 883 1871 primo
913 1833 987 1862 libro
1015 1833 1129 1862 urbium
1161 1832 1345 1862 Aeolicarum
1376 1835 1407 1862 et

170 1872 334 1901 Ionicarum
358 1872 431 1901 situs
446 1873 571 1906 origines
593 1882 628 1902 ue
643 1872 791 1910 Lydorum
812 1873 842 1901 et
862 1872 892 1900 in
912 1872 999 1901 Italia
1014 1871 1180 1906 Tuscorum,
1199 1873 1263 1900 tum
1277 1870 1406 1909 Aegypti

170 1910 297 1947 origines
316 1910 439 1945 urbium,
470 1911 563 1939 altero
609 1911 750 1940 hessaliae
770 1910 905 1946 origines,
925 1910 1012 1938 tertio
1032 1909 1297 1947 Peloponnensium
1318 1909 1405 1946 plane
1450 1933 1453 1936 .

170 1948 336 1984 praeteriit;
364 1948 421 1977 alia
443 1948 498 1977 tibi
524 1948 659 1986 prologos
686 1950 716 1977 et
751 1948 897 1985 epitomen
923 1947 1103 1984 percurrenti
1130 1947 1268 1976 facillime
1292 1946 1405 1976 obviam

172 1987 253 2015 fient.
296 1985 410 2021 Quanta
438 1986 588 2016 transierit
608 1986 736 2016 lustinus
756 1987 908 2024 praeterea
928 1995 961 2015 ex
982 1985 1085 2023 impari
1105 1984 1287 2023 longitudine
1307 1984 1405 2014 condi-

172 2025 252 2054 cione
275 2034 310 2053 ue
329 2024 471 2054 librorum
492 2034 665 2062 cognoscere
686 2026 774 2063 potes,
798 2033 917 2062 quorum
942 2024 984 2053 XI
1005 2027 1035 2053 et
1052 2024 1109 2054 XII
1141 2033 1197 2053 uno
1224 2025 1254 2053 et
1283 2023 1407 2062 triginta

172 2063 260 2099 capiti
283 2072 315 2091 us
343 2073 437 2091 rerum
470 2063 506 2092 ab
527 2063 690 2092 Alexandro
719 2065 868 2099 gesturum
896 2063 1046 2091 historiam
1074 2062 1312 2099 complectuntur,
1339 2070 1404 2091 cum

170 2100 297 2130 XXXlll
326 2104 355 2129 ct
384 2101 491 2129 XXXV
522 2100 557 2129 de
588 2100 667 2130 bello
694 2100 881 2130 Macedonico
911 2100 1039 2137 proximo
1064 2101 1151 2137 atque
1177 2099 1345 2129 Macedonia
1373 2099 1404 2129 in

172 2138 336 2176 provinciae
358 2140 479 2168 fonnmn
501 2139 619 2168 redacta
639 2141 669 2168 et
689 2139 723 2168 do·
745 2138 894 2168 Demetrio
915 2138 1015 2168 Sotere
1036 2138 1153 2176 eiusque
1175 2138 1282 2167 victore
1310 2137 1405 2167 occiso

172 2177 249 2206 binis
270 2177 413 2214 c1pitibus
433 2177 589 2213 conscripti
609 2177 676 2206 sint.

252 2213 274 2251 ²)
296 2215 332 2243 cf.
358 2214 499 2243 Fridcrici
518 2214 640 2243 Fischer
659 2214 694 2243 de
715 2214 874 2244 elocutione
899 2214 1003 2243 Iustini
1023 2213 1091 2243 diss.
1118 2214 1215 2251 inaug.
1236 2213 1319 2242 Halis
1340 2213 1406 2242 Sax.

173 2252 247 2281 1868
267 2261 294 2288 p.
315 2252 352 2280 64
373 2255 404 2281 et
425 2262 496 2290 quae
517 2252 702 2289 praecedunt.

248 2289 269 2327 ³)
291 2290 332 2319 Iis
354 2299 423 2328 quos
444 2299 528 2328 supra
547 2299 574 2328 p.
591 2290 624 2319 17
647 2290 869 2320 commemoravi
889 2289 963 2320 addo
984 2289 1078 2319 Recke
1099 2288 1196 2318 Uebcr
1215 2288 1260 2318 die
1283 2288 1406 2326 Sprach-

171 2328 499 2366 eigenthiimlichkeiteu
530 2328 581 2358 des
602 2329 704 2358 lustin.
743 2328 845 2367 Progr.
865 2328 1053 2359 Muelhausen
1076 2327 1158 2357 1854.

1425 146 1443 158 'x
