1604 2528
0 502 21 625 -23*›-:rm,;2*=.
0 434 17 487 :01⁸³-
0 410 4 415 '
5 396 9 398 ⁴
0 377 11 383 ¹

759 78 802 109 49

210 193 248 223 ut
276 199 341 222 non
370 190 529 224 immerito
558 193 657 224 vento
670 190 753 231 ‘ipso

210 240 358 281 concepti
377 240 561 273 videantur.

395 310 437 341 ib.
458 310 486 349 3,
506 310 539 342 7:

171 358 310 391 feminae
331 358 389 398 (sc.
410 358 613 397 Gallaeciae)
634 368 689 390 res
703 358 756 390 do-

212 408 366 439 mesticas
380 416 597 447 agrorumque
612 407 757 438 culturas

212 456 455 496 administrant,
495 456 559 495 ipsi
593 455 692 488 armis
726 458 761 487 et

212 504 338 544 rapinis
359 504 516 536 serviunt.

402 749 444 780 ib.
466 749 493 788 3,
514 749 547 781 9:

176 806 236 830 nec
256 798 357 830 ullum
377 799 464 838 apud
484 807 539 830 eos
566 798 666 830 telum
690 807 763 838 pro-

215 847 323 887 batur,
335 847 430 887 ‘quod
450 857 514 879 non
528 847 643 880 Bilbili
662 846 762 880 fluvio

217 899 275 928 aut
289 896 426 936 chalybe
445 897 626 937 tinguatur.
667 897 762 930 Unde

217 946 316 977 etiam
355 946 510 986 chalybes
543 946 634 978 fluvii
667 946 762 978 huius

813 192 891 243 γὰρ
907 191 1038 244 ταχεῖς
1051 188 1150 230 εἶναι
1172 187 1237 228 καὶ
1262 187 1404 239 εὐδρό-

811 260 916 299 μους
939 246 1089 298 μᾶλλον
1116 247 1191 284 τῶν
1220 243 1360 283 ἄλλων.

1012 308 1131 347 fragm.
1151 307 1200 338 53.

817 361 854 400 Γ
849 362 1068 411 εωργοῦσιν
1090 357 1200 397 αὗται
1232 365 1290 403 (sc.
1316 363 1407 396 muli-

820 431 894 454 eres
913 421 1098 457 Iberorum)
1137 410 1327 452 τεκοῦσαί
1365 421 1407 447 τε

821 469 887 510 καὶ
916 469 1143 508 διακονοῦσι
1164 468 1245 511 τοῖς
1264 464 1409 514 ἀνδρά-

823 539 902 572 σιν,
931 523 1111 567 ἐκείνους
1137 521 1227 560 ἀνθ’
1260 520 1410 559 ἑαυτῶν

822 578 1115 619 κατακλίνασαι.
1133 574 1174 615 ἔν
1189 588 1229 614 τε
1246 575 1328 618 τοῖς
1345 570 1410 623 ἔρ-

823 647 910 685 γοις
935 633 1124 677 πολλάκις
1154 631 1319 669 τίκτουσι
1345 626 1412 667 καὶ

823 689 985 728 λούουσι
1021 687 1098 726 κτλ.

1024 751 1140 790 fragm.
1161 749 1209 781 58.

813 802 886 842 Ὅτι
907 803 928 841 ὁ
946 802 1109 853 Περσῶν
1132 797 1326 855 βασιλεὺς
1347 796 1412 835 τὸν

821 857 1075 911 Χαλυβώνιον
1125 856 1247 908 μόνον
1308 851 1411 892 οἶνον

824 912 963 953 ἔπινεν.

217 994 344 1027 finitimi
365 995 533 1036 appellati.

259 1053 354 1093 Quod
387 1054 415 1085 si
445 1055 640 1094 respexeris,
672 1055 821 1086 Iustinus
853 1059 887 1086 et
907 1054 1101 1086 Posidonius
1127 1054 1214 1085 inter
1241 1061 1275 1083 se
1297 1059 1410 1082 conve-

179 1103 274 1134 niunt
295 1111 389 1142 quam
410 1103 547 1134 minime.
588 1103 661 1135 Non
683 1106 760 1142 eget
780 1104 869 1134 ultra
890 1102 1091 1142 argumentis
1112 1111 1177 1140 res,
1205 1109 1288 1140 quae
1309 1097 1411 1130 oculis

180 1152 334 1184 cernitur.

258 1200 322 1232 His
343 1200 446 1239 igitur
465 1201 635 1240 perpensis
657 1201 826 1240 utriusque
852 1201 962 1233 verbis
989 1200 1128 1239 collatis,
1155 1199 1237 1231 satis
1263 1197 1411 1236 sequitur

180 1249 272 1286 illud,
293 1249 450 1288 quaedam
472 1250 513 1280 ab
533 1252 673 1289 utroque
694 1250 728 1281 in
748 1250 936 1281 universum
957 1249 1107 1281 similiter
1129 1247 1266 1288 quidem,
1291 1246 1325 1277 in
1348 1245 1411 1276 sin·

182 1298 269 1338 gulis
290 1301 400 1330 tamen
425 1298 523 1338 plane
545 1298 674 1330 diverse
702 1308 774 1330 esse
801 1299 975 1339 descripta,
1008 1307 1118 1338 quare,
1150 1296 1235 1337 quia,
1266 1293 1412 1334 exceptis

183 1357 266 1386 quae
285 1356 386 1385 supra
408 1348 516 1385 attuli,
537 1348 794 1386 fragmentorum
814 1348 1013 1386 reliquorum
1038 1346 1212 1377 multitudo
1238 1344 1413 1376 collatione

182 1395 304 1426 Iustini
325 1394 535 1426 historiarum
557 1396 644 1427 ultro
666 1396 875 1435 consumitur,
897 1404 938 1426 ne
952 1394 1159 1426 Posidonium
1175 1392 1278 1431 Trogi
1291 1392 1413 1422 fontem

183 1452 255 1475 esse
277 1452 346 1475 cum
369 1442 523 1474 Heereno
545 1447 579 1475 et
592 1444 750 1476 Muellero
765 1444 984 1476 existimemus
1003 1446 1162 1474 vetamur.
1202 1441 1269 1477 Illi.
1291 1440 1414 1480 opinor,

185 1492 224 1524 de
245 1492 307 1523 hac
327 1501 364 1523 re
387 1492 415 1523 si
435 1492 493 1531 ita,
515 1497 551 1524 ut
573 1502 612 1524 ea
639 1503 702 1532 qua
726 1503 788 1533 par
815 1496 866 1524 est
897 1492 1069 1531 diligentia
1100 1495 1198 1531 atque
1230 1489 1414 1522 subtilitate

181 1541 390 1572 recensendis
412 1545 446 1571 et
465 1543 712 1580 perscrutandis
739 1542 906 1573 veteribus
927 1540 1141 1579 scriptoribus
1164 1548 1295 1578 operam
1316 1546 1414 1568 nava-

182 1592 311 1627 verunt,
331 1589 556 1629 indagassent,
578 1590 675 1621 aliter
695 1590 837 1621 fuissent
856 1589 1042 1621 iudicaturi.
1083 1589 1157 1620 Non
1184 1588 1278 1626 enim,
1304 1585 1416 1617 ubiubi

184 1648 255 1670 cum
277 1638 383 1669 altero
405 1639 438 1669 in
460 1639 571 1677 aliqua
591 1649 628 1670 re
650 1640 791 1679 scriptor
812 1639 974 1677 convenit,
996 1639 1136 1670 alterum
1157 1646 1229 1668 esse
1251 1639 1416 1667 auctorem

184 1687 369 1719 affirmandi
389 1690 587 1726 potestatem
608 1688 776 1723 habemus:
799 1698 873 1720 nam
894 1698 948 1720 res
970 1691 1094 1727 gestae,
1117 1688 1156 1719 de
1178 1686 1294 1726 quibus
1314 1684 1416 1715 histo-

183 1737 243 1769 rici
274 1738 419 1775 tradunt,
437 1746 514 1777 *non
546 1746 655 1768 eorum
687 1741 763 1769 sunt
793 1738 956 1777 propriae,
988 1737 1046 1768 sed
1067 1736 1204 1768 omnium
1226 1741 1416 1768 communes,

185 1796 246 1826 quo
277 1786 326 1826 fit,
357 1789 394 1817 ut
424 1786 510 1817 ratio
543 1790 669 1817 tantum
690 1788 864 1818 communis
886 1787 928 1818 ad
948 1786 1038 1817 illam
1059 1785 1281 1825 quaestionem
1302 1780 1416 1814 diiudi-

184 1836 320 1867 candam
352 1835 474 1874 aliquid
504 1836 617 1867 valere
648 1836 754 1874 possit
764 1836 796 1874 ¹).
844 1836 936 1874 Quae
962 1835 1108 1874 profecto
1145 1842 1281 1873 prorsus
1313 1831 1416 1862 abest.

267 1883 304 1915 Si
325 1885 377 1915 cui
399 1894 481 1923 quae
502 1885 613 1915 censui
636 1884 808 1915 etiamnum
831 1884 978 1915 inaudita
998 1883 1182 1919 videantur,
1215 1890 1287 1911 eum
1316 1878 1415 1909 moni-

185 1935 253 1963 tum
279 1932 377 1963 velim
407 1933 442 1964 in
473 1932 595 1964 Iustiui
620 1933 640 1963 l.
662 1931 970 1963 XXXVI—XLIV
1000 1930 1104 1962 multa
1134 1930 1267 1968 insuper
1298 1928 1416 1964 inesse,

185 1989 266 2019 quae
287 1981 434 2011 Heereni
455 1981 639 2011 sententiae
660 1980 826 2018 refragari
846 1980 942 2010 facile
964 1988 1073 2010 omnes
1095 1978 1281 2009 concedent.
1317 1976 1415 2006 Anno

184 2029 268 2061 enim
282 2029 321 2060 86
334 2027 502 2060 Posidonii
521 2028 677 2060 historias
698 2027 866 2068 aptissime
887 2027 1058 2059 terminari
1079 2026 1161 2058 satis
1175 2026 1209 2057 in
1223 2025 1334 2066 aprico
1357 2026 1417 2056 est.

185 2078 277 2118 Quae
292 2077 347 2109 ubi
361 2077 409 2109 ita
430 2086 466 2109 se
486 2077 608 2109 habere
629 2077 880 2109 ratiocinatione
901 2077 979 2108 mihi
999 2076 1160 2117 persuasi,
1181 2075 1295 2115 ecquid
1316 2073 1418 2105 tradi-

184 2129 251 2157 tum
278 2125 423 2165 supersit
453 2126 539 2165 apud
560 2125 732 2165 Iustinum,
765 2125 806 2156 ad
836 2125 1067 2156 illustrandam
1096 2133 1201 2164 meam
1222 2123 1419 2155 sententiam

184 2175 340 2214 quaesivi.
371 2174 485 2214 Atqui,
507 2178 544 2205 ut
558 2174 715 2205 nonnulla
735 2174 929 2214 depromam,
951 2183 1034 2214 quae
1048 2174 1200 2214 legimus:

265 2320 287 2359 ι)
307 2321 364 2352 vid.
389 2320 537 2360 Scheppig
554 2329 582 2360 p.
603 2320 650 2352 34.
