1604 2528
774 63 816 96 10

177 175 246 205 tum
268 174 369 206 variis
392 175 647 216 cogitationibus
667 178 806 210 iudicem
827 181 861 210 et
882 177 1013 218 saepius
1034 176 1235 210 ineruditum
1250 177 1415 218 captanda

176 223 270 255 nobis
292 228 352 255 est.

256 288 294 293 —
314 272 355 304 ib.
380 272 450 305 101:
481 273 531 305 At
562 284 626 306 non
657 275 797 307 historia
827 275 965 307 cesserit
986 274 1133 311 Graecia
1165 284 1225 306 nec
1251 284 1414 314 opponere

177 319 361 360 Thucydidi
383 321 575 355 Sallustium
598 333 724 356 verear.

256 384 293 390 -
314 370 355 400 ib.
379 371 449 402 102:
491 371 634 411 Ideoque
667 373 881 404 immortalem
913 373 1002 404 illam
1029 371 1181 403 Sallustii
1206 372 1414 403 velocitatem

178 415 319 448 diversis
341 418 520 450 virtutibus
543 424 737 452 consecutus
759 424 819 452 est.

257 482 296 487 -—
317 465 349 497 X
370 466 397 503 2,
420 467 470 498 17:
505 469 558 507 qui
590 470 748 508 praecisis
781 470 1044 501 conclusionibus
1071 469 1200 501 obscuri
1222 467 1415 501 Sallustium

177 516 275 553 atque
297 513 521 555 Thucydidem
543 521 710 558 superant.

258 579 292 583 —
315 562 347 594 X
368 563 395 600 3,
417 565 436 595 7
443 577 449 603 ;
471 568 504 596 ὃς
540 565 604 597 Sed
627 592 633 597 .
656 593 661 598 .
686 592 692 598 .
714 568 885 598 redeamus
908 568 949 598 ad
970 567 1121 599 iudicium
1144 569 1177 598 et
1197 569 1414 598 retractemus

177 615 362 651 suspectam
383 614 584 646 facilitatem.
616 615 670 646 Sic
685 616 856 655 scripsisse
872 615 1065 647 Sallustium
1080 616 1272 656 accepimus,
1287 617 1321 646 et
1335 624 1414 647 sane

177 660 369 695 manifestus
392 667 443 695 est
465 664 564 695 etiam
587 674 625 695 ex
648 674 746 704 opere
767 665 837 704 ipso
859 666 962 696 labor.

258 709 363 743 Tacit.
379 713 487 744 annal.
509 712 567 744 III
582 713 634 745 30:
669 713 830 753 Crispum,
853 714 998 753 equestri
1020 716 1126 745 ortum
1146 712 1226 751 loco,
1249 712 1285 744 C.
1308 710 1414 743 Sallu-

178 757 261 789 stius
288 768 395 791 rerum
418 760 639 792 Romanarum
671 761 921 793 florentissimus
954 766 1078 800 auctor,
1111 761 1234 793 sororis
1264 762 1414 799 nepotem

177 806 211 839 in
233 816 347 839 nomen
370 809 518 841 adscivit.

258 855 391 887 Sueton.
412 857 488 888 Div.
514 857 657 897 August.
683 859 721 889 86
748 858 791 897 (p.
813 859 860 895 76,
884 859 920 889 15
947 859 995 889 ed.
1024 858 1143 896 Romo:
1176 857 1298 893 verbis,
1332 865 1414 895 quae
1531 854 1535 857 “
1584 843 1604 901 ξ

179 903 317 943 Crispus
340 904 518 937 Sallustius
547 908 712 946 excerpsit
738 917 777 938 ex
800 907 990 946 Originibus
1013 907 1158 938 Catonis.
1541 921 1544 923 ·
1577 902 1604 949 ἐξ

257 970 295 974 ——
317 954 356 984 de
379 964 512 993 gramm.
537 955 574 985 10
596 956 638 994 (p.
660 956 728 994 261,
749 956 816 994 26):
853 956 991 987 Asinius
1023 955 1129 986 Pollio
1161 955 1194 985 in
1224 954 1319 991 libro,
1351 962 1412 992 quo
1564 980 1567 983 ,
1587 956 1604 998 3⁵

179 999 331 1032 Sallustii
353 1003 479 1040 scripta
500 1003 712 1041 reprehendit
734 1007 771 1034 ut
797 1004 895 1034 nimia
922 1004 1101 1042 priscorum
1123 1003 1297 1034 verborum
1319 1001 1412 1032 affec·
1555 1041 1557 1043 ι
1584 999 1604 1040 :1⁴1²

177 1049 303 1080 tatione
326 1049 437 1081 oblita.
1555 1050 1557 1052 ’
1584 1049 1602 1085 Ϊ”

257 1115 296 1118 -
316 1098 358 1129 ib.
371 1108 400 1138 p.
416 1098 482 1137 262,
496 1099 528 1130 6:
544 1099 664 1130 Ateius
677 1099 869 1138 Philologus
881 1100 981 1130 coluit
991 1098 1243 1130 familiarissime
1259 1098 1294 1130 C.
1307 1098 1414 1130 Sallu-

180 1146 277 1176 stium
292 1149 326 1177 et
341 1155 378 1177 eo
394 1147 546 1177 defuncto
561 1147 714 1178 Asinium
729 1147 919 1185 Pollionem,
943 1156 1021 1186 quos
1036 1146 1207 1177 historiam
1222 1155 1413 1187 componere

180 1203 369 1234 aggressos,
385 1196 524 1227 alterum
539 1196 704 1228 breviario
718 1205 826 1228 rerum
842 1197 980 1228 omnium
993 1196 1222 1232 Romanarum,
1244 1205 1283 1227 ex
1298 1195 1414 1235 quibus

178 1253 259 1283 quas
281 1244 383 1275 vellet
404 1245 553 1283 eligeret,
574 1245 733 1276 instruxit
764 1262 800 1266 —-
829 1246 900 1285 Quo
922 1246 1027 1284 magis
1048 1244 1147 1275 miror
1168 1244 1321 1275 Asinium
1344 1253 1412 1275 cre-

178 1292 313 1329 didisse,
347 1292 482 1331 antiqua
515 1302 586 1323 eum
618 1294 720 1324 verba
752 1297 785 1324 et
822 1294 946 1331 figuras
979 1293 1109 1323 solitum
1147 1301 1219 1323 esse
1256 1293 1413 1332 colligere

179 1340 339 1372 Sallustio
360 1357 399 1361 ——
420 1340 505 1371 vitet
532 1341 668 1372 maxime
696 1341 928 1372 obscuritatem
951 1340 1102 1372 Sallustii
1130 1344 1164 1371 et
1190 1340 1358 1372 audaciam
1379 1341 1413 1371 in

177 1388 461 1420 translationibus.

255 1453 294 1458 —
314 1437 356 1467 ib.
380 1437 416 1467 15
437 1447 466 1476 p.
481 1437 549 1474 264,
571 1437 604 1468 5:
626 1438 780 1469 Lenaeus
794 1440 878 1469 —ut
894 1438 1086 1469 Sallustium
1107 1437 1308 1476 historicum,
1330 1437 1414 1476 quod

178 1495 247 1517 eum
296 1485 362 1517 oris
409 1487 517 1525 probi.
565 1487 671 1518 animo
712 1487 931 1519 inverecundo
974 1486 1164 1526 scripsisset
1204 1486 1415 1518 acerbissima

178 1537 294 1573 satyra
315 1535 524 1573 laceraverit,
555 1536 737 1566 lastaurum
770 1539 804 1566 et
829 1537 993 1566 lurconem
1015 1539 1049 1566 et
1069 1535 1261 1566 nebulonem
1281 1535 1413 1574 popino-

177 1591 313 1620 nemque
335 1582 506 1621 appellans
529 1586 562 1613 et
577 1583 648 1614 vita
669 1583 866 1622 scriptisque
887 1587 1114 1621 monstrosum,
1135 1586 1311 1622 praeterea
1330 1582 1413 1622 pris-

179 1639 289 1661 corum
311 1629 513 1669 Catonisque
534 1632 708 1662 verborum
730 1631 1018 1663 ineruditissimum
1040 1631 1153 1662 furem.

256 1696 296 1700 —-
316 1678 479 1718 reliqu-X
494 1689 523 1718 p.
545 1680 612 1718 300,
637 1679 686 1711 15:
711 1679 890 1711 Sallustius
907 1679 1043 1719 Crispus
1066 1679 1208 1719 scriptor
1228 1679 1414 1711 historicus.

257 1727 386 1759 Cornel.
419 1728 533 1758 Front.
565 1731 599 1758 et
630 1727 670 1758 M.
697 1727 828 1758 Aurelii
859 1729 932 1767 imp.
965 1728 1094 1767 epistul.
1120 1727 1158 1758 Π
1181 1728 1217 1758 13
1240 1727 1283 1767 (p.
1305 1728 1343 1759 36
1364 1727 1413 1758 ed.
1600 1752 1604 1768 3

177 1776 319 1815 Naber):
341 1777 392 1807 Tu
418 1776 495 1807 mihi
523 1776 561 1806 de
589 1775 624 1807 (ἓ.
648 1776 765 1815 Crispo
786 1777 884 1808 timeo
906 1781 942 1808 ut.
973 1786 1121 1816 umquam
1153 1776 1281 1814 gratias
1313 1785 1414 1815 agere
1582 1783 1604 1814 ᾗ

177 1834 293 1864 possls.
1590 1833 1591 1836 ’

257 1890 294 1894 -
316 1873 373 1904 III
397 1873 430 1904 11
456 1873 499 1913 (p.
521 1873 590 1911 4S):
623 1873 706 1912 quod
728 1877 764 1904 tu
785 1882 920 1912 gnomas
943 1873 1077 1913 egregie
1105 1873 1307 1912 convertisti,
1330 1872 1415 1904 hanc

179 1922 315 1961 quidem,
339 1932 434 1961 quam
455 1922 550 1953 hodie
573 1923 693 1962 accepi,
714 1931 815 1962 prope
836 1922 984 1961 perfecti,
1006 1927 1043 1953 ut
1063 1922 1140 1962 poni
1153 1922 1187 1954 in
1206 1922 1290 1953 libro
1306 1921 1413 1953 Sallu-

179 1971 235 2001 stii
255 1972 370 2010 possit,
393 1981 451 2002 nec
474 1971 639 2010 discrepet
660 1974 718 2002 aut
740 1971 909 2010 quicquam
931 1971 1076 2002 decedat.

257 2036 286 2040 —
316 2019 368 2051 IV
405 2021 470 2059 ssl‘p.
492 2021 560 2058 62):
584 2020 760 2052 Oratorum
787 2023 862 2059 post
887 2020 1032 2050 homines
1054 2022 1149 2050 natos
1172 2027 1254 2050 unus
1276 2018 1414 2050 omnium

178 2067 218 2098 M.
241 2067 378 2098 Porcius
401 2069 534 2108 eiusque
555 2070 713 2108 frequens
735 2071 880 2099 sectator
903 2067 939 2099 C.
962 2067 1149 2099 Sallustius.

256 2133 294 2136 ——
317 2115 347 2147 V
369 2117 407 2147 59
430 2118 473 2156 (p.
495 2118 560 2156 93):
584 2118 719 2148 valeant
741 2126 849 2147 omnes
871 2116 981 2147 Porcii
1002 2120 1036 2147 et
1057 2116 1159 2147 Tullii
1181 2118 1214 2147 et
1236 2114 1354 2156 Crispi.

256 2165 435 2197 Frontonis
468 2170 501 2196 et
521 2165 683 2196 Antonini
713 2166 785 2204 imp.
819 2165 913 2204 epist.
936 2164 973 2195 Π
996 2165 1010 2195 1
1036 2164 1078 2204 (p.
1102 2164 1186 2202 150:
1216 2163 1311 2195 Mitte
1336 2164 1414 2196 mihi

178 2214 302 2254 aliquid
334 2215 418 2254 quod
450 2214 510 2246 tibi
532 2214 799 2246 dissei-tissimum
821 2214 982 2253 videatur,
1005 2214 1089 2253 quod
1109 2213 1226 2253 legam,
1248 2214 1302 2246 vel
1324 2217 1413 2246 tuum

179 2268 237 2296 aut
259 2263 396 2295 Catonis
419 2266 477 2294 aut
499 2262 667 2295 Ciceronis
690 2265 747 2295 aut
769 2261 929 2294 Sallustii.
