1604 2528
0 1756 21 1797 ᾖ
34 1783 44 1790 a

0 1799 9 1834 ,ἱ

0 2264 22 2357 ’ν’ΤῖζῬ-ἜἚῚ(
0 2150 21 2245 ῪὛΞΫὮἻἉ
0 1953 22 2135 ”ἲ,”’“ῑ,“ἑ“ὶί,,’·”ῖ,”,’,«ὶῖ

0 2363 27 2528 τπδ’-,ιω

787 96 828 129 19

196 204 350 246 quomodo
371 206 499 240 locutus
522 207 574 249 sit,
596 218 678 241 unus
700 209 877 241 Fischerus
900 209 933 247 (1.
955 209 975 240 1.
996 218 1026 249 p.
1048 207 1100 247 62)
1127 207 1206 240 licet
1231 204 1421 248 appendicis

194 255 265 287 loco
285 259 396 288 tamen
417 266 481 288 non
502 257 690 297 neglexit¹),
711 257 746 288 in
767 266 860 297 quem
880 261 996 297 postea
1009 260 1170 288 revertar.
1212 256 1305 295 Quae
1318 255 1422 293 igitur

194 303 431 336 Borchardtius
457 305 568 344 Trogo
596 314 668 336 esse
695 305 896 343 assignanda
922 305 1137 343 existimavit,
1169 305 1202 335 in
1234 303 1422 335 coniectura

197 351 278 392 sola,
299 355 454 392 quantum
476 352 623 392 equidem
642 352 747 389 video,
774 352 883 392 posita
903 352 1003 383 nullis
1025 351 1227 390 argumentis
1249 350 1423 382 stabilibus

195 399 376 432 firmantur.
419 400 502 432 Sunt
524 400 639 438 quibus
661 400 858 439 adstipulari
880 399 996 438 possis,
1018 408 1130 430 verum
1151 399 1248 429 etiam
1270 407 1353 437 quae
1374 407 1424 428 re-

196 447 340 480 fellenda
366 448 548 480 videantur.
590 447 662 479 Non
690 450 780 478 recte
805 447 911 486 igitur
937 446 1020 485 egit,
1053 446 1107 485 qui
1133 447 1306 477 sententiis
1331 447 1423 477 modo

195 495 346 527 inductus
367 496 449 526 haec
470 499 505 526 et
524 495 606 526 haee
627 495 747 526 Iustini
768 496 870 526 verba
888 504 912 531 a
933 493 1044 532 Trogo
1073 494 1231 532 originem
1258 494 1423 534 accepisse

197 546 339 582 censeat,
361 552 424 573 non
446 543 488 573 ad
507 542 550 581 id,
573 542 657 581 quod
670 542 705 573 in
719 542 868 573 oratione
882 541 951 573 eius
967 541 1115 572 eximium
1130 541 1218 581 insit,
1239 545 1425 582 respectum

195 592 327 623 habens.
368 591 492 623 Verum
513 589 612 621 etiam
633 589 702 621 stili
715 593 753 621 ut
773 590 822 621 ita
843 590 947 622 dicam
968 589 1129 621 rationem
1148 598 1220 622 esse
1236 590 1424 629 ducendam,

195 648 260 670 non
280 642 407 670 tantum
428 647 537 669 rerum
557 638 592 669 in
612 638 821 677 prolegorum
843 638 1046 677 argumentis
1068 638 1321 677 enuntiatarum,
1349 648 1424 678 quo-

195 688 288 719 medo
317 687 403 726 apud
424 686 586 717 Iustinum
613 695 739 725 quoque
766 686 887 717 effusae
914 686 990 723 sint,
1015 688 1050 718 in
1071 687 1340 727 disquisitionem,
1362 696 1426 726 qua

195 736 252 766 ille
273 738 419 772 eruatur,
440 735 553 766 venire
575 744 655 773 opus
678 743 759 772 esse,
781 735 842 765 hoc
863 736 1009 766 omnibus
1030 735 1234 774 probabitur.

274 782 422 821 Longius
450 783 582 821 abirem,
609 783 637 813 si
662 782 733 822 ipse
760 782 905 822 Trogum
931 792 951 814 a
970 783 1092 814 Iustini
1118 784 1227 815 verbis
1253 793 1425 816 secernere

196 840 355 870 cuperem,
383 831 500 870 quippe
528 830 582 869 qui
608 830 770 861 disserere
796 831 936 869 cogitem
968 831 1006 862 de
1038 833 1203 863 amborum
1230 841 1269 863 ac
1287 833 1424 871 primum

197 880 323 919 quidem
354 877 443 911 illius
475 878 592 910 studiis
625 877 846 910 Sallustianis.
898 878 954 911 Ad
990 880 1074 919 quod
1106 880 1134 912 si
1163 889 1213 912 me
1244 880 1423 912 conferrem

196 931 294 967 atque
315 931 547 964 converterem,
568 926 710 958 materia
731 936 841 959 rerum
862 928 1018 968 copiaque
1033 929 1198 960 uberrima
1213 929 1254 961 ad
1269 938 1424 961 commen-

196 976 354 1008 tationem
375 975 564 1015 ampliorem
584 975 687 1006 fieret.

233 1024 236 1027 ’
273 1025 348 1056 Hac
379 1025 418 1055 de
450 1033 549 1055 causa
575 1033 615 1055 ex
640 1024 708 1060 issa,
740 1033 834 1062 quain
860 1025 957 1063 plane
984 1034 1004 1056 a
1030 1025 1140 1065 Trogo
1167 1027 1235 1057 solo
1266 1028 1424 1066 originem

196 1073 361 1112 accepisse
394 1072 516 1103 Iustini
547 1072 731 1104 testimonio
763 1072 981 1112 confirmatur,
1008 1074 1156 1105 oratione
1187 1076 1305 1107 studiis
1335 1076 1424 1108 illius

198 1119 409 1153 Sallustianis
441 1121 586 1153 excussis
618 1121 646 1153 si
672 1130 737 1152 una
768 1130 838 1152 cum
864 1120 991 1154 Iustino
1024 1123 1248 1156 absconditum
1279 1124 1423 1165 Trogum

195 1170 425 1201 examinemus.

272 1218 329 1249 Ad
349 1218 430 1248 haec
452 1217 555 1256 Trogi
569 1217 763 1256 fragmenta,
786 1226 868 1256 quae
884 1217 1004 1250 Iustini
1024 1220 1189 1259 excerptis
1205 1222 1423 1262 continentur,

195 1266 336 1299 addendi
357 1268 434 1298 sunt
453 1265 525 1306 loci,
548 1275 626 1305 quos
648 1268 682 1298 et
703 1266 760 1298 alii
780 1275 889 1298 rerum
911 1267 1099 1308 script-ores,
1122 1269 1177 1300 ubi
1192 1270 1304 1302 eadem
1324 1275 1422 1311 atque

195 1315 325 1355 Trogus
347 1324 439 1346 enari
447 1318 514 1353 ant,
536 1324 576 1345 ex
597 1315 665 1346 eius
686 1315 779 1347 libris
802 1325 836 1346 se
865 1316 932 1347 suis
958 1316 1138 1349 intexuisse
1168 1313 1364 1358 profitentur
1390 1323 1425 1351 et

195 1363 401 1401 grammatici
422 1365 519 1401 atque
541 1365 810 1394 commentatores
837 1363 983 1394 laudant.
1029 1364 1071 1394 In
1097 1366 1213 1404 quibus
1239 1376 1303 1398 non
1330 1367 1423 1398 dissi·

194 1411 320 1443 mulant
340 1410 444 1450 Trogi
464 1420 587 1450 nomen,
609 1411 722 1443 valent
743 1412 865 1451 eadem,
894 1421 976 1451 quae
998 1422 1099 1453 supra
1119 1414 1184 1446 iam
1205 1415 1245 1446 de
1266 1415 1316 1455 iis,
1344 1425 1423 1456 quos

194 1460 342 1492 Iustinus
374 1460 609 1499 complectitur,
641 1460 769 1491 loeutus
801 1469 879 1491 sum.
922 1462 1017 1499 quod
1048 1462 1091 1493 ad
1117 1472 1285 1495 numerum
1310 1464 1424 1495 horum

194 1507 450 1547 fragmentorum
472 1508 602 1546 attinet,
623 1517 672 1538 me
694 1507 912 1539 Gutschinidii
933 1509 1047 1539 subtili
1072 1513 1170 1549 atque
1201 1516 1358 1543 accurata
1380 1514 1425 1544 di-

195 1556 381 1596 sputatione
401 1556 452 1587 uti
473 1565 606 1595 eamque
627 1565 686 1596 pro
708 1556 918 1588 fundamento
940 1558 1125 1597 quaestioni
1144 1568 1163 1590 a
1182 1568 1232 1590 me
1252 1560 1425 1593 institutae

194 1614 316 1646 ponere
343 1614 439 1644 posse
466 1605 604 1644 gaudeo,
635 1605 689 1644 qui
719 1605 844 1644 ingenii
875 1606 1021 1637 acumine
1042 1606 1147 1645 Trogi
1177 1609 1312 1648 propria
1344 1620 1426 1649 quae

195 1654 374 1685 creduntur
406 1663 426 1684 a
458 1654 654 1693 scriptorum
683 1654 876 1697 posterioris
908 1655 1063 1694 temporis
1095 1657 1247 1695 operibus
1278 1658 1426 1691 seiuncta

194 1702 380 1734 minutatim
405 1702 604 1742 introspexit
630 1703 856 1742 cognovitque,
890 1712 1048 1742 quaenam
1072 1705 1188 1737 merito
1215 1707 1427 1740 attribuenda

195 1751 316 1790 Trogo,
339 1760 422 1790 quae
442 1751 572 1782 Iustino
594 1752 660 1782 sint
681 1751 898 1791 epitomatori,
921 1755 955 1783 et
976 1762 1022 1790 eo,
1044 1753 1100 1784 ubi
1114 1755 1294 1787 consistere
1309 1757 1425 1796 possis,

194 1808 262 1831 rem
283 1799 446 1839 perduxit.
487 1799 561 1830 Hoc
582 1798 686 1838 Trogi
711 1799 970 1838 fragmentorum
995 1809 1099 1839 genus
1127 1811 1147 1833 a
1172 1803 1300 1835 minime
1326 1805 1425 1837 certis

195 1848 383 1880 auctoribus
415 1847 586 1886 vulgatum
617 1857 721 1887 neque
752 1848 959 1887 conspicuum
985 1850 1085 1881 tertio
1111 1851 1165 1882 vel
1192 1855 1365 1893 postremo,
1398 1853 1426 1885 si

195 1896 242 1927 sic
263 1896 438 1935 dispertire
459 1896 584 1926 licitum
605 1896 682 1927 inihi
704 1905 952 1934 concessumque
974 1901 1034 1934 est,
1056 1898 1204 1930 adhiberi
1224 1910 1244 1930 a
1258 1910 1307 1932 me
1322 1901 1426 1941 Trogi

195 1946 304 1976 studia
326 1943 530 1975 Sallustiana
551 1944 752 1982 exquisituro
775 1947 912 1984 oportet.
944 1945 1101 1976 Forsitan
1121 1947 1280 1987 quispiam
1295 1949 1424 1989 dixerit,

195 1994 271 2033 quid
298 1994 342 2025 sit
363 2001 491 2030 causae,
520 2001 577 2023 cur
603 2001 642 2023 ea
668 1996 842 2033 tantopere
868 1993 1103 2033 derelinquam!
1130 1996 1231 2036 Apud
1251 1997 1424 2038 Iustinum,

195 2050 266 2073 cum
282 2051 346 2073 non
360 2041 453 2072 modo
468 2041 501 2072 iii
516 2041 655 2079 singulis
671 2042 780 2073 verbis
795 2040 1005 2081 formulisque
1019 2043 1172 2082 loquendi
1187 2048 1424 2087 construendis,

194 2090 252 2122 sed
278 2090 377 2122 etiam
408 2090 442 2121 in
479 2088 637 2120 orationis
675 2089 780 2121 forma
805 2090 969 2123 interdum
996 2094 1030 2123 et
1055 2094 1228 2126 sententiis
1253 2094 1334 2135 ipsis
1360 2105 1425 2128 non

273 2217 293 2256 ¹)
314 2217 396 2254 Quod
417 2217 451 2246 L.
471 2216 504 2246 E.
525 2217 689 2255 Hallbergii
719 2214 825 2248 libr'um
857 2218 893 2249 de
913 2219 1009 2258 Trogo
1029 2219 1166 2260 Pompeio
1186 2222 1277 2253 Paris.
1301 2222 1375 2253 1869
1395 2223 1426 2254 in

192 2254 377 2301 bibliotliecis
397 2255 503 2285 nostris
523 2264 580 2300 non
610 2257 704 2301 reperi
720 2265 906 2301 'magnopere
927 2258 1025 2294 doleo;
1051 2260 1183 2290 Rozsekii
1211 2270 1321 2301 quoque
1348 2270 1425 2292 com-

192 2294 457 2374 gilgtltliuntgonnzffiu‘il?
477 2293 634 2325 latinitatis
655 2295 832 2327 iustinianae
860 2299 965 2328 natura
990 2298 1221 2331 Hcrmaunstadt
1252 2301 1325 2332 1865
1354 2310 1425 2332 nan-
