1604 2528
6 447 26 463 νὴ
36 448 58 469 5⁵..
64 466 69 471 Χ

2 630 45 679 ff

0 758 29 793 ξς
39 785 42 788 .
51 760 61 789 μ

0 833 47 862 {2²35

0 860 49 920 ξς-

0 911 43 969 Ξ

0 1033 53 1079 [53‘

0 1086 13 1112 ξ

0 1128 39 1167 {³4⁵
56 1155 63 1159 ,

0 1817 34 1827 »»»»»»

794 89 834 121 15

277 200 395 234 Isidor.
417 202 497 242 orig.
518 202 540 234 l.
555 202 573 233 Ι
587 202 635 241 43,
648 202 681 234 4:
709 202 875 234 Salustius
894 211 934 234 ex
947 202 1173 234 historialibus
1194 227 1201 234 .
1217 227 1224 234 .
1240 226 1247 234 .
1267 203 1428 233 constant.

277 267 317 271 -
336 249 429 281 XIH
439 250 486 289 21,
503 251 553 282 10:
576 251 741 282 Salustius
762 254 870 281 autem
890 253 1005 281 auctor
1020 251 1220 281 certissimus
1234 250 1283 280 ita
1297 249 1427 281 asserit.

277 297 411 330 Ioannis
426 298 626 331 Antiocheni
639 299 702 339 frg.
714 299 753 331 68
768 298 834 336 (IV
847 307 877 338 p.
888 298 947 330 562
961 298 1040 338 frgt.
1052 299 1127 330 hist.
1139 307 1188 337 gr.
1204 297 1424 335 ed.Mueller):

151 338 154 340 ⁵
200 348 266 389 καὶ
291 344 428 401 ὀρθῶς
454 364 500 401 γε
523 351 762 395 Σαλούστιος
792 351 814 389 ὁ
846 348 1042 401 Ῥωμαῖος,
1068 348 1323 401 συγγραφεὺς
1350 347 1428 402 ἔφη

199 405 273 444 κτλ.

549 768 597 819 Β.
646 768 1073 818 imitatores

458 963 497 998 Ι.
537 961 619 999 Gn.
644 962 901 1010 Pompeius
927 961 1112 1009 Trogus
1121 960 1165 999 ¹).

274 1050 325 1082 Ex
339 1050 486 1089 Augusti
506 1051 626 1082 aetatis
641 1051 856 1090 scriptoribus
870 1059 979 1082 rerum
993 1050 1159 1088 Romanis,
1175 1058 1309 1088 quorum
1324 1058 1425 1088 opera

197 1098 239 1130 ad
263 1107 322 1130 nos
347 1101 577 1138 pervenerunt,
603 1099 739 1139 primum
765 1099 798 1130 in
825 1107 955 1130 censum
975 1098 1088 1130 venire
1114 1107 1210 1138 posse
1235 1097 1422 1138 Pompeium

195 1147 340 1186 Trogum
367 1148 464 1179 facile
491 1147 672 1187 apparebit.
714 1147 798 1179 Nam
824 1147 864 1179 de
890 1148 959 1179 eius
981 1147 1052 1179 vita
1078 1150 1112 1178 et
1133 1147 1204 1186 quis
1225 1147 1326 1178 fuerit
1345 1147 1425 1179 licet

197 1200 290 1228 certa
310 1197 402 1228 nobis
429 1206 493 1227 non
520 1197 622 1227 allata
649 1196 723 1239 sint,
749 1200 859 1228 tamen
878 1197 913 1227 in
940 1200 1096 1235 tempora,
1124 1196 1238 1235 quibus
1264 1195 1357 1233 vixit,
1383 1205 1424 1226 ex

195 1244 316 1276 Iustini
351 1244 575 1283 epitomatoris
605 1244 626 1275 l.
652 1244 774 1275 XLIII
794 1244 822 1281 5,
846 1244 879 1275 11
908 1254 975 1283 sqq.
1007 1247 1096 1276 certe
1128 1243 1275 1275 concludi
1304 1246 1424 1283 potest,

196 1293 251 1332 qui
276 1302 371 1324 avum
397 1293 466 1324 eius
488 1293 521 1323 in
546 1293 632 1324 bello
655 1292 845 1324 Sertoriano
867 1292 1032 1324 civitatem
1056 1302 1075 1323 a
1096 1291 1154 1323 Cn.
1176 1291 1329 1331 Pompeio
1350 1301 1422 1331 per-

195 1342 321 1382 cepisse
341 1342 445 1373 tradit
467 1345 500 1373 et
519 1345 646 1381 patrem
668 1343 726 1373 sub
749 1341 785 1373 G.
808 1341 953 1373 Caesare
974 1342 1134 1373 militasse
1162 1341 1240 1379 (vid.
1261 1340 1422 1380 Philolog.

195 1390 267 1422 VII
287 1400 317 1430 p.
338 1390 397 1421 389
418 1391 499 1428 sqq.)
533 1391 809 1429 epistularumque
842 1394 875 1421 et
905 1385 1116 1429 legationum,
1149 1390 1244 1421 simul
1274 1393 1309 1420 et
1334 1390 1424 1420 anuli

195 1447 305 1470 curam
325 1439 487 1471 habuisse.

273 1487 347 1520 Non
368 1498 471 1519 meum
493 1498 564 1520 esse
585 1492 696 1528 potest
716 1488 796 1519 fines
818 1488 922 1526 Trogi
936 1488 1025 1519 vitae
1047 1491 1201 1519 accurate
1223 1487 1423 1519 constituere

196 1545 368 1574 omnesque
394 1537 469 1568 illas
496 1537 583 1567 inter
611 1546 645 1568 se
667 1537 892 1575 discrepantes
914 1536 1127 1573 sententias&
1150 1536 1293 1567 virorum
1314 1536 1423 1567 docto-

194 1583 296 1623 rum³)
319 1585 372 1616 hic
391 1584 604 1625 perpendere,
626 1593 760 1624 quorum
782 1584 839 1615 alii
859 1584 973 1615 iisdem
988 1584 1187 1623 temporibus
1209 1586 1308 1623 atque
1329 1584 1423 1616 Chri-

196 1637 281 1665 stum
303 1634 508 1666 Salvatorem
531 1633 676 1673 Trogum
701 1633 850 1665 floruisse
871 1633 1025 1671 iudicant,
1052 1633 1109 1664 alii
1129 1634 1193 1664 iam
1214 1637 1291 1665 ante
1312 1637 1424 1665 natum

196 1680 362 1713 Christum
384 1682 467 1712 diem
488 1682 607 1712 obiisse
629 1690 820 1720 supremum,
843 1681 900 1712 alii
921 1681 1097 1717 (Martinus
1111 1681 1255 1713 Polonus
1276 1684 1310 1713 et
1324 1681 1424 1713 Gual-

195 1733 286 1762 terus
307 1729 464 1769 Burleus)
486 1733 631 1770 tempore
651 1730 812 1761 Antonini
831 1729 884 1761 Pii
903 1730 1023 1762 Iustini
1047 1730 1272 1771 praeceptoris
1292 1740 1424 1762 munere

195 1788 267 1811 esse
297 1780 451 1819 functum,
483 1788 577 1819 quam
609 1780 736 1818 quidem
768 1783 945 1811 extremam
971 1780 1152 1819 opinionem
1177 1780 1274 1820 plane
1301 1789 1320 1811 a
1346 1789 1423 1811 vero

195 1827 372 1859 abhorrere
394 1827 497 1867 Trogi
517 1828 620 1867 ipsius
641 1828 699 1859 illa
720 1828 823 1859 verba
851 1837 871 1858 a
891 1827 1019 1859 Iustino
1041 1828 1178 1860 laudata
1199 1828 1424 1860 demonstrant

196 1880 238 1915 et,
261 1886 343 1916 quae
357 1886 431 1907 mox
451 1876 569 1907 afferre
590 1876 667 1907 mihi
687 1876 721 1907 in
743 1876 848 1907 animo
869 1880 929 1913 est,
951 1894 990 1897 —
1010 1877 1071 1908 hoc
1086 1886 1192 1914 unum,
1214 1878 1298 1917 quod
1318 1877 1360 1908 ad
1374 1886 1423 1916 ea,

191 1929 277 1965 ‘quae
302 1924 380 1956 mihi
410 1924 573 1964 proposui,
605 1925 766 1964 explenda
792 1925 919 1956 abunde
948 1926 1077 1965 sufficit,
1105 1926 1189 1957 omni
1216 1930 1308 1957 caret
1334 1926 1423 1958 dubi-

194 1975 329 2012 tatione,
351 1974 436 2012 quod
457 1973 630 2004 Octaviani
657 1974 856 2012 temporibus
887 1974 1035 2005 floruisse
1067 1978 1101 2004 et
1133 1975 1304 2013 scripsisse
1330 1975 1423 2006 Pom-

194 2021 301 2061 peium
321 2021 465 2060 Trogum
486 2030 619 2052 necesse
641 2024 692 2052 est
714 2022 920 2060 arbitremur,
942 2030 1012 2053 cum
1034 2022 1162 2061 epitom.
1184 2022 1205 2054 l.
1227 2021 1329 2054 XLII
1344 2023 1372 2061 5,
1387 2024 1420 2055 ll

276 2139 298 2177 ¹)
319 2140 361 2168 De
375 2139 489 2168 nomine
504 2139 544 2167 sic
556 2138 705 2168 scribendo
716 2139 752 2168 cf.
764 2141 788 2169 1.
799 2139 911 2168 Becker
927 2139 957 2168 in
967 2139 1113 2173 Philoloai
1123 2139 1178 2168 vol.
1189 2139 1245 2168 V11
1257 2148 1283 2177 p.
1294 2140 1351 2169 389
1362 2149 1422 2178 sqq.

274 2177 302 2216 ²)
322 2179 435 2208 einfach
450 2179 696 2208 mittelalterliche
711 2179 933 2216 Himgespinste
944 2179 1055 2216 (Franz
1072 2179 1149 2208 Riihl
1169 2179 1215 2209 die
1228 2179 1424 2218 Verbreitung

196 2216 246 2246 ‘¹⁰³
267 2216 363 2284 ΡΨ
372 2217 767 2285 ἑξὲέἒέῗῗῗὲῖθῖὲῆῑίἱξ
780 2217 906 2285 ¹⁸⁷}‚8P's
920 2217 978 2255 ⁴⁶³·

285 2256 294 2293 )
315 2264 329 2285 c
344 2278 351 2285 ⁸
373 2293 548 2360 Funccii34ie
568 2278 675 2361 veggtla
694 2265 815 2324 Latini}
835 2265 953 2332 lingffii
973 2296 1122 2324 senectute
1143 2294 1293 2334 Marburgi
1313 2294 1422 2325 Cattor.

535 2354 541 2360 .
561 2341 588 2369 p.
665 2355 672 2362 .
