1604 2528
177 246 260 280 satis
281 251 409 280 constet
418 247 451 287 ¹).
473 248 507 280 in
528 257 575 287 e0‚
598 257 688 287 quem
709 248 858 288 respicio,
879 247 964 279 libro
985 246 1194 279 Posidonium
1215 244 1317 278 fuisse
1332 252 1408 285 quo·

142 309 149 312 ·
176 297 281 328 minus
304 300 486 328 statuamus
507 297 588 328 nihil
607 297 754 336 impedit;
776 297 869 338 velut

176 344 259 376 Iust.
280 344 395 377 XLIV
415 344 443 383 2,
464 344 482 375 7
819 343 961 423 1)ίὲἑίοὲ
963 342 1184 431 ἰΙ1).οῐῇξΧΧΙΙΙ
1208 342 1288 380 frgt.
1313 351 1344 380 p.
1370 341 1409 372 93

178 453 232 492 qui
253 453 346 484 annis
368 453 476 484 decem
490 452 655 484 Romanos
669 452 764 483 varia
824 443 970 482 ἕνδεκα
999 443 1076 492 γὰρ
1107 440 1172 493 ἔτη
1203 442 1412 480 δυναστεύ-

216 501 355 534 victoria
374 501 538 540 fatigavit.
827 511 939 542 ουτος
958 497 1077 536 αὐτοῦ
1100 501 1157 538 (sc.
1182 495 1412 547 (Ιύριάτθου)

827 552 1045 591 Λυσιτανῶν
1075 573 1127 579 -
1160 551 1202 590 αἱ
1228 551 1417 601 δυνάμεις·

826 607 1022 658 διέμειναν
1058 629 1109 633 ——
1154 605 1300 658 σχεδὸν
1339 605 1415 644 ἀνί-

826 675 952 714 κητοι.

259 725 306 757 Ut
326 726 397 765 ipse
419 725 587 764 anquiram
609 733 684 755 num
706 724 898 764 exploratae
920 724 987 755 sint
1007 734 1136 763 causae,
1164 723 1290 763 quibus⁷
1310 725 1348 754 ut
1367 721 1416 752 ita

180 776 399 813 asseveraret,
431 776 606 805 commotus
633 773 677 804 sit
702 772 886 811 Heerenus,
917 773 1074 804 nonnulla
1102 773 1229 812 quidem
1259 772 1319 803 illa
1344 780 1415 803 sen-

183 822 289 853 tentia
309 822 418 861 habet,
445 830 527 861 quae
554 821 648 853 nobis
669 821 838 861 probanda
860 821 935 858 sint,
962 822 1110 861 plurimis
1132 825 1242 853 tamen
1262 821 1296 852 in
1317 821 1416 851 rebus

185 879 205 900 a
224 870 296 901 viro
317 870 374 901 illo
396 870 608 909 sagacissimo
630 870 850 909 discrepemus
872 879 1005 901 necesse
1028 870 1100 902 erit.

260 917 401 950 Ubinam
433 920 510 950 sunt
540 918 624 949 enim
655 921 689 949 et
715 927 873 956 quaenam
899 921 1103 957 argumenta,
1135 919 1250 957 quibus
1276 916 1415 949 nititur?

182 966 315 1006 Eorum,
348 966 375 997 si
404 966 614 1005 quaesiveris,
645 974 750 1005 pauca
776 966 869 997 modo
890 966 953 1002 vel.
984 969 1022 997 ut
1052 966 1156 997 dicam
1187 966 1272 1005 quod
1302 965 1417 1002 sentio,

185 1014 276 1046 nulla
297 1014 358 1046 tibi
379 1015 597 1053 apparebunt;
619 1013 792 1045 Heerenus
815 1014 899 1052 quod
919 1014 983 1045 nisi
997 1014 1030 1045 in
1045 1014 1123 1045 latis
1139 1013 1336 1045 coniecturis
1350 1021 1415 1043 non

186 1063 374 1102 acquiescat
393 1057 458 1094 non
477 1062 569 1094 modo
592 1063 762 1093 dolendum
784 1065 849 1101 est,
882 1062 939 1093 sed
960 1063 1058 1094 etiam
1085 1065 1214 1094 tantum
1243 1063 1352 1100 abest,
1378 1064 1416 1092 ut

185 1111 296 1143 verbis
319 1111 464 1150 quamvis
485 1110 686 1153 brevissimis
712 1110 1028 1142 verisimilitudinem
1055 1111 1242 1150 significare
1269 1113 1414 1148 conetur,

183 1162 221 1191 ut
242 1160 408 1199 opiniones
430 1159 634 1198 opinionibus
656 1158 796 1189 cumulet
816 1168 880 1189 non
902 1159 1064 1197 dubitans,
1092 1159 1169 1198 quin
1190 1159 1305 1198 omnia,
1332 1167 1414 1197 quae

184 1208 298 1246 iactat,
329 1217 410 1240 vera
437 1208 511 1247 sint,
544 1210 743 1246 quapropter
771 1216 808 1238 eo
830 1207 869 1238 de
891 1216 926 1238 se
946 1207 1201 1247 praedicationis
1223 1211 1322 1247 atque
1342 1216 1415 1247 per-

182 1255 344 1287 suasionis
375 1255 542 1294 procedat,
572 1257 618 1292 ut,
650 1255 678 1285 si
709 1257 824 1285 contra
855 1254 1085 1286 auctoritatem
1112 1255 1181 1286 eius
1208 1255 1415 1295 disputantes

187 1304 276 1335 aliud
299 1304 375 1342 quid
396 1312 529 1334 censere
544 1302 741 1341 audebimus,
763 1302 818 1334 vix
832 1303 1043 1341 arrogantiae
1058 1303 1198 1342 speciem
1212 1303 1414 1342 effugiamus.

186 1350 273 1390 Quid
293 1350 362 1382 ita?
390 1350 476 1390 Quia
496 1359 588 1381 nemo
609 1350 743 1389 ignorat
762 1350 795 1380 in
820 1350 961 1381 historia
989 1350 1124 1389 antiqua
1148 1351 1316 1390 paululum
1342 1360 1415 1383 ver-

183 1401 286 1434 satus.
308 1401 447 1437 constat,
470 1399 593 1430 clarum
608 1401 667 1437 est,
688 1397 785 1429 facile
801 1398 979 1429 concedent
993 1407 1112 1437 omnes,
1134 1399 1264 1430 dubium
1277 1409 1415 1439 prorsus

183 1456 256 1479 esse
280 1447 405 1486 nequit,
432 1446 514 1477 satis
539 1448 634 1485 patet
660 1445 737 1483 (vid.
758 1445 797 1476 II
818 1445 836 1484 ἓ
857 1445 909 1484 25)
932 1449 1003 1484 etc„
1036 1446 1120 1485 quod
1140 1447 1250 1486 posuit
1270 1447 1323 1479 vir
1343 1447 1416 1478 illu-

187 1495 376 1536 strissimus.
427 1493 529 1527 Cuius
563 1493 597 1525 in
627 1494 731 1525 verba
762 1493 874 1532 utique
904 1502 963 1525 nos
993 1494 1105 1525 iurare
1135 1495 1290 1533 numquid
1319 1498 1417 1535 putas

186 1543 359 1584 oportere?
380 1543 481 1574 Immo
502 1551 582 1574 vero
604 1541 751 1581 exempla
771 1541 889 1573 docent
910 1544 944 1573 et
964 1542 1160 1574 testimonia.
1202 1541 1419 1583 Comparanti

182 1593 287 1632 igitur
308 1601 376 1624 cum
398 1591 527 1623 Iustino
548 1590 717 1622 Posidonii
736 1590 924 1629 fragmenta
944 1593 1121 1622 occurrunt
1148 1591 1216 1622 alia
1236 1594 1271 1623 et
1291 1601 1332 1623 ea
1352 1592 1419 1631 qui-

184 1642 254 1673 dem
274 1641 373 1679 longe
394 1639 544 1679 plurima,
564 1639 598 1670 in
619 1638 734 1678 quibus
754 1638 871 1670 mirum
889 1638 923 1669 in
936 1638 1064 1670 modum
1079 1639 1244 1676 differant.
1266 1640 1333 1671 alia
1347 1649 1420 1680 per-

183 1698 298 1729 pauca,
318 1688 353 1719 in
374 1688 490 1727 quibus
512 1686 697 1718 consentire
717 1686 902 1725 videantur,
922 1686 1008 1718 unde
1028 1696 1093 1718 non
1112 1686 1210 1718 facile
1230 1696 1281 1719 me
1304 1688 1421 1720 adduci

184 1738 303 1778 patior.
324 1739 362 1768 ut
382 1735 572 1776 conspirare
593 1745 648 1767 eos
670 1735 808 1767 credam.
852 1734 936 1767 Sunt
957 1738 1065 1767 autem
1085 1736 1185 1775 haec,
1207 1745 1290 1776 quae
1310 1736 1422 1769 afferri

184 1789 330 1827 possunt.
1104 1793 1109 1794 ⁷

264 1834 347 1866 Iust.
368 1832 521 1866 XXXVI
546 1833 641 1873 prol.;
675 1842 744 1872 cap.
765 1832 843 1864 2-3
876 1832 915 1864 de
936 1832 1070 1864 Iudaeis
1103 1833 1200 1873 longe
1232 1834 1297 1865 alio
1328 1834 1421 1866 modo

189 1884 261 1924 agit
282 1886 380 1923 atque
400 1881 554 1913 Posidon.
574 1881 690 1921 fragm.
713 1881 759 1912 14.

293 1932 377 1964 Iust.
397 1930 569 1963 XXXVII
590 1931 618 1970 3,
638 1930 670 1962 2:
835 1939 875 1961 ex
895 1930 1012 1969 fragm.
1032 1929 1095 1964 34¹²·

187 1981 308 2021 Itaque
329 1980 470 2019 Scythas
496 1980 635 2011 invictos
667 1981 775 2018 antea,
836 1981 918 2031 ἅμα
948 1982 1051 2032 πρός
1076 1993 1117 2020 τε
1146 1980 1239 2027 τοὺς
1265 1981 1425 2029 Σκύθας

226 2030 282 2071 ‘1⁸¹1
311 2053 320 2060 ·
342 2055 350 2062 ·
375 2054 383 2062 ·
414 2054 422 2069 ν
450 2029 578 2068 ingffifi
615 2027 775 2060 felicitae
835 2035 1025 2087 ἐπολέμει
1045 2065 1053 2075 .
1074 2064 1085 2075 .
1105 2065 1114 2075 .
1134 2066 1143 2075 .

224 2079 417 2120 perdomuit.
450 2078 490 2110 cf.
521 2077 713 2110 XXXVIII
746 2077 774 2116 7,

225 2129 316 2166 3—5;
338 2129 365 2160 9.

266 2217 288 2257 ¹)
306 2217 345 2248 cf.
365 2216 468 2255 He'yne
485 2215 521 2245 de
552 2214 681 2245 fontibus
714 2217 745 2245 et
773 2215 937 2246 auemribus
966 2216 1153 2247 historiarum
1170 2217 1292 2248 Diodori
1321 2227 1424 2249 comm.

419 2264 448 2293 p.
468 2254 617 2284 LXXXIX
637 2253 681 2283 ed.
701 2254 817 2292 Bipont.
837 2255 894 2284 vol.
916 2256 940 2285 1.

371 2293 479 2324 Nissen
498 2292 644 2322 Kritische
664 2291 927 2333 Untcrsuchungen
947 2293 1019 2325 iiber
1038 2293 1085 2325 die
1109 2294 1233 2331 Quellen
1254 2295 1304 2326 des
1323 2296 1425 2327 Livius

418 2332 449 2362 in
469 2331 521 2362 der
540 2332 568 2362 4.
588 2331 649 2361 und
668 2332 695 2362 5.
716 2332 836 2363 Dekade
856 2342 884 2371 p.
907 2333 971 2364 112.

370 2370 494 2401 Mueller
513 2370 645 2400 historic.
666 2369 768 2401 Graec.
788 2370 896 2410 fragm.
917 2373 966 2400 ΙΙΙ
989 2372 1006 2402 6
1026 2372 1076 2402 fin.
1097 2374 1128 2402 et
1145 2374 1183 2403 al.

1170 2421 1190 2455 6
