1604 2528
749 55 817 96 ,56

171 165 523 246 -mentumrepistulae
545 176 565 199 a
585 163 779 203 Mithridate
811 177 848 200 re
872 177 953 201 vera
978 168 1124 209 scriptae
1144 167 1324 202 Sallustius
1345 177 1418 202 sese

182 221 247 244 non
269 222 333 253 app
348 222 414 246 lom
430 239 437 246 .

260 261 307 293 Et
321 262 460 295 aliarum
475 265 691 305 astringimur
704 267 847 306 pondere
862 274 1041 298 causarum.
1075 266 1206 305 Arsaci,
1219 266 1419 299 Parthorum

181 310 264 349 regi,
290 310 466 350 epistulam
492 312 690 347 scribentem
715 315 794 347 fecit
803 314 993 353 „Sallustius
1018 314 1251 355 Mithridatem,
1272 315 1419 355 Tigrane

182 358 226 390 ad
246 357 489 397 Tigranocerta
510 369 531 392 a
543 361 684 394 Lucullo
705 363 803 403 plane
825 363 953 395 devicto
974 363 1119 402 urbeque
1139 363 1213 403 ipsa
1232 373 1297 395 non
1316 363 1418 395 multo

182 409 258 445 post
278 409 386 446 capta.
419 407 533 447 Atque
554 409 694 449 legimus
708 411 742 443 in
755 410 950 450 Phlegontis
972 410 1136 442 Tralliani
1157 411 1340 451 Olympiad.
1361 420 1419 443 seu

184 453 335 487 Chronic.
356 455 420 495 frg.
443 456 481 488 12
503 457 566 495 (ed.
588 458 698 491 Muell.
719 460 778 491 III
798 470 828 500 p.
849 461 908 492 606
928 474 967 484 ==
987 459 1082 492 Phot.
1104 460 1172 493 cod.
1193 461 1232 492 97
1253 456 1344 509 ἐμοὶ
1371 457 1420 496 δὲ

183 505 416 560 ἀνεγνώσθη
439 509 559 561 μέχρι
586 514 655 563 τῆς
679 512 777 562 ροζ’
807 520 840 558 (i.
873 529 899 551 e.
927 518 1137 558 CLXXVII)
1161 513 1422 564 Ὀλυμπιάδος

186 582 237 587 ——
253 564 308 612 τῷ
327 562 441 614 τρίτῳ
465 563 587 618 αὐτῆς
606 563 684 605 ἔτει
705 588 758 595 ·—
777 569 843 609 καὶ
862 566 1148 621 Σινατρούκηνι)
1166 567 1229 608 τὸν
1247 568 1420 619 Πάρθων

181 615 353 667 βασιλέα
381 618 663 672 τελευτήσαντα
683 623 891 669 διεδέξατο
914 623 1127 677 Φραάτης-2)
1152 624 1174 662 ὁ
1196 619 1423 675 ἐπικληθεὶς

185 670 207 708 ὁ
233 671 342 734 θεός.
360 694 412 699 -
435 676 490 725 τῷ
511 674 560 713 δὲ
581 677 751 729 τετάρτῳ
778 677 855 718 ἔτει
884 678 1071 732 Τιγράνης
1093 678 1159 718 καὶ
1182 677 1424 729 Μιθριδάτης

185 747 237 752 -
257 727 510 781 επολέμησαν
531 729 741 783 Λευκόλλῳ
757 733 824 772 καὶ
838 735 924 786 νικᾷ
941 734 1176 779 Λεύκολλος.
1196 738 1418 780 Respondet&

184 789 263 812 vero
296 792 401 815 annus
434 785 553 817 tertius
585 787 684 820 alteri
711 789 842 822 dimidio
864 800 892 822 a.
913 791 972 822 684
998 793 1031 822 et
1056 790 1160 830 priori
1179 799 1207 821 a.
1228 789 1321 821 685a.
1343 797 1373 820 u.
1395 797 1421 819 c.
1448 779 1451 782 ’

185 828 237 863 (=
259 838 287 862 a.
308 831 347 862 70
368 835 403 863 et
422 833 461 865 69
482 838 559 866 ante
582 834 658 868 Chr.
680 838 762 876 nat.)
784 841 818 869 et
837 848 950 879 pugna
970 839 1029 870 illa
1050 838 1219 870 commissa
1240 840 1292 869 est
1310 845 1421 868 mense

185 876 322 911 Octobri
353 890 381 912 a.
409 881 467 913 685
494 882 560 921 (69)
569 882 603 921 ⁴).
646 884 838 918 Sinatruces
875 890 984 918 autem
1015 886 1204 926 cognomine
1235 885 1421 925 appellatus

184 931 259 958 erat
289 937 348 959 rex
373 929 520 962 Arsaces
546 931 607 963 XI.
650 933 743 972 Quae
775 935 803 966 si
834 944 903 966 cum
936 934 1095 966 Sallustio
1116 933 1421 973 comparaverimus,

183 975 408 1007 Mithridatem
429 978 603 1017 epistulam
625 981 776 1013 daturum
798 982 901 1014 fuisse
923 983 1103 1014 videbimus
1117 982 1239 1013 Arsaci
1254 981 1422 1013 Sinatruci

184 1027 262 1056 tunc
276 1024 340 1056 iam
355 1025 472 1058 dudum
487 1031 623 1060 mortuo.
645 1029 746 1070 Idem,
759 1031 844 1068 quod
856 1040 873 1063 e
889 1030 1048 1063 Sallustio
1064 1031 1191 1068 scimus,
1205 1030 1270 1062 Dio
1285 1029 1421 1062 Cassius

184 1074 239 1105 lib.
264 1071 328 1115 λς’
353 1074 532 1114 (XXXVI)
561 1086 631 1117 cap.
658 1078 708 1118 3⁵)
736 1084 886 1112 enarrat:
919 1076 1028 1115 αὐτοὶ
1060 1081 1117 1118 (sc.
1147 1079 1357 1111 Mithridates
1388 1082 1422 1109 et

185 1130 363 1171 Tigranes)
387 1149 421 1154 —
444 1127 510 1166 καὶ
530 1129 653 1179 πρὸς.
677 1160 686 1169 .
704 1161 712 1169 .
733 1129 923 1185 Ἀρσάκην
943 1131 1007 1171 τὸν
1026 1132 1206 1183 Πάρθον.
1223 1161 1231 1170 .
1252 1161 1260 1170 .
1279 1130 1421 1181 ἐπρεσ-

182 1183 363 1235 βεύοντο.
403 1191 474 1223 Iam
505 1201 584 1223 vero
616 1194 867 1232 perquirendum
899 1198 951 1226 est
990 1198 1099 1226 utrum
1129 1203 1247 1233 reapse
1278 1193 1421 1224 adierint

185 1239 337 1270 Arsacen
363 1240 561 1272 Parthorum
589 1250 701 1280 regem
729 1251 771 1272 an
793 1242 972 1274 Sallustius
992 1243 1121 1281 Dioque
1147 1242 1230 1273 false
1256 1242 1341 1272 hunc
1366 1250 1421 1271 no-

185 1286 348 1319 minantes
375 1288 460 1319 omni
490 1298 625 1328 prorsus
657 1289 810 1321 destituti
841 1300 913 1322 esse
940 1291 1115 1323 videantur
1147 1290 1354 1322 auctoritate.
1388 1288 1422 1320 A

186 1335 302 1373 quibus
334 1336 500 1375 discrepat
530 1337 680 1368 Memnon
709 1338 913 1370 Heracleota
938 1340 959 1370 l.
980 1339 1066 1372 XVI
1087 1339 1125 1370 85
1148 1338 1210 1378 (ed‚
1231 1337 1342 1369 Muell.
1363 1336 1422 1369 111

186 1402 217 1431 p.
232 1394 319 1432 55ss):
343 1386 462 1431 αὐτὸς
479 1387 527 1425 δὲ
545 1387 649 1437 πρὸς
660 1388 724 1426 τὸν
744 1389 905 1433 Πάρθον
924 1389 1131 1442 Φραιῖάτην
1153 1395 1209 1434 (al.
1228 1388 1421 1441 Φραάτην)

188 1444 514 1498 διεπρεσβεύετο,
545 1454 635 1485 cuius
666 1454 876 1485 historiarum
907 1454 1142 1493 testimonium,
1169 1454 1224 1486 ubi
1250 1462 1320 1485 cum
1347 1453 1422 1484 aliis

186 1502 291 1533 bonae
312 1506 410 1533 notae
427 1502 642 1542 scriptoribus
657 1511 714 1534 eas
729 1502 878 1534 conferre
898 1503 985 1542 licet,
1007 1511 1078 1534 cum
1099 1502 1308 1540 dissentiunt,
1329 1511 1421 1541 prae-

187 1550 355 1582 ferendum
379 1554 430 1581 est
452 1551 505 1588 (cf.
519 1550 630 1582 Muell.
643 1560 673 1590 p.
689 1550 771 1590 525).
798 1550 912 1590 Neque
926 1551 1124 1583 contradicit
1136 1551 1262 1590 Livius,
1282 1550 1317 1582 in
1331 1550 1422 1582 cuius

186 1600 207 1631 1.
224 1599 259 1631 C.
275 1599 430 1639 periocha
443 1599 596 1638 legimus:
619 1598 677 1630 Cn.
692 1599 865 1639 Pompeius
881 1609 951 1631 cum
965 1609 1046 1638 rege
1060 1599 1260 1630 Parthorum
1274 1598 1420 1630 Phraate

187 1648 362 1680 amicitiam
389 1647 572 1685 renovavit,
600 1656 683 1686 quae
704 1648 807 1678 verba
832 1650 948 1687 aperte
973 1648 1113 1679 innuunt
1137 1648 1202 1687 iam
1227 1649 1327 1678 antea
1352 1655 1422 1678 cum

186 1697 243 1728 illo
264 1706 344 1736 rege
365 1696 479 1728 foedus
501 1705 574 1727 esse
594 1696 702 1726 ictum.
735 1695 822 1735 Quid
837 1704 898 1735 quo
920 1695 984 1727 alio
999 1695 1091 1727 modo
1106 1695 1166 1727 hoc
1179 1694 1330 1734 intellegi
1350 1694 1422 1726 vis?

187 1745 410 1785 Comperimus
432 1747 541 1776 autem
563 1754 580 1775 e
601 1744 719 1775 Dionis
739 1745 759 1775 l.
781 1743 933 1776 XXXVI
947 1744 978 1775 5:
1002 1736 1068 1776 καὶ
1083 1739 1226 1787 μαθὼν
1249 1744 1306 1781 (sc.
1329 1737 1422 1774 Λεύ-

188 1798 343 1842 κολλος)
371 1798 437 1850 τὴν
455 1796 671 1848 πρέσβειαν
698 1796 764 1848 τὴν
788 1796 862 1834 ὑπό
894 1809 935 1834 τε
964 1798 1032 1834 τοῦ
1055 1794 1242 1846 Τιγράνου
1264 1793 1331 1833 καὶ
1354 1797 1422 1833 τοῦ

186 1851 427 1903 Μιθριδάτου
447 1850 551 1901 πρὸς
569 1850 633 1889 τὸν
655 1849 845 1903 Ἀρσάκην
867 1852 1128 1902 πεμφθεῖσαν,
1150 1848 1423 1889 ἀνταπέστειλέ

186 1920 291 1951 τινας
316 1906 363 1945 ἐκ
388 1911 463 1945 τῶν
484 1906 710 1957 συμμάχων.
740 1907 762 1944 ὁ
788 1904 856 1944 οὖν
880 1904 1073 1958 Ἀρσάκης
1098 1906 1183 1944 τότε
1209 1904 1338 1954 μὲν...
1358 1903 1424 1943 καὶ

187 1961 314 2013 φιλίαν
342 1974 382 2000 τε
412 1959 477 2000 καὶ
500 1959 719 2012 συμμαχίαν
742 1959 963 2006 ἐσπείσατο,
998 1967 1114 2006 quibus
1150 1966 1358 1999 consentiunt
1389 1969 1423 1997 et

216 2136 222 2142 .
268 2097 288 2134 ¹)
309 2096 443 2126 Nominis
464 2094 628 2125 diversitati
649 2091 861 2132 (Sinatrocces,'
873 2094 1057 2131 Sinatroioes,
1071 2095 1221 2132 Sintrices)
1243 2094 1286 2124 vis
1305 2103 1363 2124 non
1377 2095 1423 2123 est

186 2135 347 2230 tnbugfaeff.
355 2173 517 2202 Mommsen
537 2172 619 2219 Rom.
644 2170 761 2222 (ies-ch.⁴
782 2171 875 2234 IIIQp.
897 2172 943 2201 67.

265 2213 288 2287 ἒξ
308 2209 682 2285 εἱὲἒιιέἔὶεὲξιεαζέιὲιὲγοὶ.
703 2209 720 2238 l
748 2219 775 2247 p.
796 2210 862 2239 91„

265 2290 287 2328 ³)
308 2286 410 2317 Dionis
431 2287 527 2325 capita
548 2295 658 2324 appono
679 2295 712 2315 ex
732 2285 858 2316 editione
879 2286 963 2317 Imm.
984 2286 1108 2316 Bekkeri
1128 2284 1207 2322 Lips.
1230 2284 1310 2314 1849.

1580 1999 1604 2028 z

1576 2432 1604 2528 :rm-,210¹
1579 2252 1604 2428 §effllmsssaa
1584 2213 1604 2239 «ξι.
1600 2195 1604 2206 .,
1580 2087 1604 2184 sesima,
