1604 2528
779 81 821 123 ἑὸ

190 202 262 242 fuit,
281 202 385 236 multa
405 209 439 235 et
458 198 631 243 praeclara
650 207 699 237 rei
719 207 774 237 mi·
836 206 1071 243 Carthaginem
1078 205 1231 239 deletam:
1243 192 1421 237 lmncinter

189 251 298 285 litaris
318 251 466 285 facinora
481 252 615 293 fecerat,
637 254 676 286 ob
692 262 774 294 quae
835 253 915 286 duos
928 252 1002 292 illos
1013 251 1191 285 Africanos
1205 252 1340 285 tertium
1354 260 1421 285 ser-

189 301 622 383 {ictisCarthag-iniensibus
634 306 668 336 et
678 306 774 344 capto
832 306 981 336 vaterem
1001 303 1091 335 urbis
1111 302 1239 336 referri.

215 353 341 392 yphace
362 355 423 384 etc.

229 400 303 432 Cat.
324 401 371 440 19,
391 403 424 433 5:
450 402 508 433 sed
526 403 654 441 inperia
674 410 775 434 saeva
873 402 901 440 7,
922 401 954 433 2:
975 401 1096 432 nullam
1119 425 1126 432 .
1148 425 1155 432 .
1178 425 1185 432 .
1207 401 1354 439 gentium
1369 410 1422 431 ex-

157 452 178 459 ’“
189 450 293 482 multa
312 448 412 482 a‘ntea
430 460 613 491 perpessos.
834 453 963 490 pertam
982 449 1160 490 peregrina
1179 449 1326 489 imperia.

228 499 303 538 lug.
324 500 370 538 13,
388 500 420 531 1:
440 500 565 531 iniusta
577 500 706 538 inperia
720 499 773 531 do-

190 547 347 578 minorum
367 556 432 578 non
451 547 634 586 perferunt.
1314 589 1317 591 .

229 594 303 633 Iug.
318 594 366 634 32,
380 595 413 626 5:
440 595 534 634 eique
549 595 659 626 timido
681 598 715 626 et
736 604 776 626 ex
875 595 903 631 7,
923 595 956 625 4:
979 594 1146 633 Multoque
1170 603 1206 625 se
1226 593 1370 625 timidius
1386 602 1425 624 ac

153 679 158 686 ,
189 643 389 676 conscientia
404 643 564 685 diffidenti
584 644 683 676 rebus
699 644 775 676 suis.
838 643 1038 676 diffidentius
1077 643 1166 675 bella
1198 641 1340 675 Pontica
1377 642 1424 674 in-

227 692 301 731 Iug.
322 693 370 730 96,
393 694 424 724 1:
445 693 537 724 rudis
552 696 654 724 antea
674 695 709 724 et
728 693 776 731 ig·
836 702 995 731 gressum,
1017 702 1088 724 cum
1108 693 1179 731 ipse
1199 692 1292 723 rudis
1307 701 1345 723 ac
1359 692 1425 723 tiro

188 748 289 772 narus
308 740 396 772 belli.
836 743 934 772 esset.

268 788 473 822 Sententiam
493 792 601 823 autem
616 793 763 823 nostram
777 793 814 823 ut
829 791 1062 832 amplectamur
1077 790 1239 831 scrupulis
1255 789 1424 831 exemptis,

190 839 327 878 denique
353 849 390 870 eo
417 841 619 879 potissimum
646 849 916 878 commoveamur,
943 841 1028 879 quod
1048 840 1193 879 Trogum
1219 840 1330 872 verbis
1357 840 1424 877 qui-

189 887 334 924 busdam,
366 896 449 926 quae
475 886 627 919 Sallustii
644 888 807 928 *propriae
834 891 910 919 sunt
936 888 1096 926 dictionis,
1128 897 1221 920 usum
1242 896 1315 919 esse
1335 886 1424 918 inve-

189 935 307 971 nimus:
329 935 421 967 velut
1215 963 1218 965 Α

229 983 302 1022 Iug.
323 984 371 1022 68,
394 984 424 1015 1:
446 984 549 1016 ultum
569 985 618 1016 ire
639 985 776 1017 iniurias
875 986 904 1024 5,
927 986 977 1017 10:
1000 986 1076 1024 quia
1096 986 1200 1017 ultum
1220 985 1298 1017 ierit
1319 994 1363 1016 se.

189 1032 334 1064 festinat.

268 1080 320 1112 Ex
340 1080 504 1120 frequenti
526 1082 612 1122 apud
634 1082 771 1114 comicos
792 1092 853 1114 usu
874 1082 955 1114 haec
979 1083 1151 1115 verborum
1178 1085 1299 1114 motum
1324 1081 1423 1121 signi-

141 1156 144 1159 .
189 1128 356 1159 ficantium
387 1138 457 1159 cum
488 1130 602 1168 supino
634 1133 803 1161 structura
831 1131 866 1161 in
897 1131 1054 1161 orationis
1086 1131 1213 1161 solutae
1244 1138 1423 1161 sermonem

191 1176 349 1207 urbanum
369 1175 513 1213 transiit,
541 1177 597 1208 ubi
616 1177 722 1217 prima
747 1178 879 1209 exhibet
903 1178 1051 1218 exempla
1075 1177 1118 1209 M.
1139 1177 1273 1209 Portius
1295 1175 1380 1208 Cato
1388 1175 1422 1214 ¹).

192 1222 294 1255 Cuius
317 1233 387 1255 cum
414 1225 647 1257 aemulatorem
679 1224 873 1257 Sallustium
902 1226 1003 1258 fuisse
1034 1226 1122 1257 inter
1153 1235 1262 1257 omnes
1294 1226 1423 1257 constet

191 1272 304 1310 itaque
325 1272 460 1311 vigeant
481 1273 567 1312 apud
587 1275 734 1304 nostrum
756 1274 873 1312 supina
892 1274 959 1312 illa,
982 1283 1064 1312 quae
1092 1275 1243 1304 conatum
1268 1272 1422 1303 studium-

193 1328 254 1358 que
269 1319 322 1350 vel
336 1319 539 1351 voluntatem
561 1320 682 1360 aliquid
702 1320 844 1354 faciendi
864 1321 1020 1360 indicant,
1041 1324 1079 1352 ut
1098 1321 1232 1360 longum
1253 1320 1295 1352 sit
1318 1319 1425 1351 omnia

192 1377 383 1399 enumerare
404 1369 592 1408 exempla²)‚
614 1372 648 1401 et
667 1369 762 1401 verbi
782 1369 967 1405 ulciscendi.
985 1370 1134 1412 supinum
1160 1378 1228 1401 cum
1258 1368 1326 1407 ,ire‘
1352 1377 1425 1399 con-

192 1416 335 1447 iunctum
348 1417 471 1456 primus
487 1415 664 1449 Sallustius
678 1418 890 1457 usurpaverit
896 1418 932 1457 ³),
953 1416 1029 1449 hinc
1042 1417 1190 1457 Pompeii
1204 1417 1309 1456 Trogi
1322 1417 1427 1448 locum

193 1473 213 1494 a
233 1464 326 1495 nobis
346 1465 452 1504 repeti
471 1473 536 1496 non
557 1468 609 1496 est
629 1466 799 1497 amentiae.

270 1512 423 1544 Accedit:

233 1560 305 1600 Iug.
327 1561 374 1600 72,
401 1562 432 1593 1:
460 1562 558 1594 aliter
584 1566 682 1602 atque
712 1563 778 1594 ani-
879 1572 904 1594 c.
925 1563 954 1602 5,
974 1563 1009 1595 5:
1036 1563 1113 1603 quin
1134 1563 1284 1595 acerbius
1304 1562 1339 1594 in
1360 1562 1429 1593 dies

194 1618 244 1640 mo
265 1610 412 1648 gerebat.
839 1615 968 1651 gerant.

277 1658 423 1691 Verbum
455 1660 539 1691 enim
565 1660 702 1700 gerendi
728 1669 798 1691 cum
820 1661 976 1692 adverbio
1001 1660 1145 1692 iunctum
1172 1660 1289 1692 omisso
1315 1668 1431 1700 prono-

194 1706 290 1738 minis
315 1706 464 1740 reflexivi
496 1709 684 1741 accusativo
710 1709 798 1749 apud
817 1709 976 1741 neminem
1002 1709 1198 1749 scriptorum
1224 1711 1302 1740 ante
1323 1708 1430 1740 Sallu-

195 1755 294 1787 stium
313 1756 471 1797 reperias,
499 1757 553 1796 qui
566 1757 731 1796 ,vocabulo
752 1757 816 1789 isto
837 1758 960 1797 primus
981 1755 1192 1790 sententiam:
1215 1766 1296 1795 esse,
1318 1766 1354 1789 se
1375 1765 1430 1796 ge-

139 1809 141 1811 ’
195 1814 280 1845 rere,
308 1806 378 1837 sich
400 1806 587 1846 benehmen,
608 1807 677 1839 sich
698 1806 881 1846 verbalten,
903 1806 1070 1839 auftreten
1091 1807 1268 1839 subiecisse
1289 1806 1429 1839 videtur.

197 1854 379 1886 Secundum
396 1855 487 1895 leges
502 1855 787 1894 grammaticorum
798 1855 988 1886 adverbium
999 1855 1051 1887 hic
1063 1855 1181 1887 obiecti
1191 1855 1262 1886 vice
1272 1854 1432 1894 fungitur,

197 1911 279 1941 quae
300 1903 453 1942 loquendi
472 1904 670 1935 consuetudo
691 1913 750 1944 per
772 1902 965 1935 Sallustium
985 1904 1020 1936 in
1040 1913 1131 1935 usum
1153 1906 1289 1943 recepta
1309 1907 1371 1943 est,
1392 1906 1430 1935 ut

276 2049 297 2087 ¹)
323 2049 405 2079 Inter
435 2049 587 2079 historicos
612 2050 725 2080 veteres
755 2049 847 2079 solum
867 2048 1008 2079 Catonem
1040 2058 1161 2087 eumque
1195 2048 1430 2087 frequentissime

198 2087 250 2117 illa
270 2087 483 2118 constructione
503 2097 586 2117 usum
607 2097 669 2118 esse
696 2087 781 2117 docet
799 2087 945 2117 Gustavus
966 2088 1129 2118 Bruennert
1149 2087 1185 2117 de
1206 2087 1347 2117 Sallustio
1366 2088 1432 2117 imi-

197 2127 293 2156 tatore
313 2125 440 2162 Catonis,
476 2125 625 2156 Sisennae
638 2126 815 2164 aliorumque
842 2128 974 2156 veterum
1004 2126 1207 2156 historicorum
1237 2126 1433 2156 Romanorum

199 2164 297 2241 lenm3)
308 2163 575 2234 Ιοῖῖέθῐεῖεέυιὲῦιιθι·
605 2202 643 2234 de
663 2202 797 2234 Sallustii
816 2202 934 2234 dicendi
965 2212 1071 2242 genere
1092 2211 1195 2234 comm.
1227 2202 1326 2233 Berlin
1349 2202 1432 2238 1863,

199 2241 247 2280 qui
266 2252 294 2281 p.
317 2241 353 2270 48
372 2242 466 2272 multa
485 2242 641 2281 congessit.

198 2321 228 2352 Π
248 2279 357 2360 Ρθ)8σέίξ“.)
376 2280 508 2320 Draeger
529 2280 701 2312 historische
722 2280 833 2321 Syntnx
853 2280 904 2312 der
931 2281 1032 2312 latein.
1062 2281 1188 2320 Sprache
1208 2280 1328 2319 Leipzig
1347 2280 1431 2311 1876.

1176 2369 1196 2401 4
