1604 2528
771 84 816 115 40

173 195 359 236 explicandi
390 204 490 228 causa
521 197 739 237 substituens,
774 197 845 230 sive
881 197 1019 229 nominis
1052 196 1218 229 cuiusdam
1247 196 1411 229 notionem

172 244 323 284 pluribus
344 245 477 276 vocibus
499 247 534 276 et
552 255 613 285 per
628 245 783 278 ambitum
796 246 970 278 verborum
984 246 1135 278 enuntiat
1156 245 1226 277 sive
1239 245 1289 276 rei
1302 244 1412 276 factae

173 293 348 326 veritatem
369 303 428 334 per
449 303 485 326 se
506 295 652 334 spectari
671 296 753 334 vult,
773 295 871 327 hocce
893 304 933 327 ex
952 294 1044 327 fonte
1064 293 1236 326 indicativi
1256 303 1315 334 pro
1338 303 1411 326 con-

173 343 318 374 iunctivo
349 352 442 374 usum
473 343 561 374 haud
591 344 829 383 infrequentem
859 343 1073 383 repetendum
1104 352 1176 374 esse
1208 343 1272 374 iam
1303 351 1412 374 omnes

174 390 244 422 fere
277 391 483 431 gramatici
514 394 548 423 et
578 392 780 432 interpretes
811 394 986 424 senserunt
994 392 1026 431 ¹).
1067 391 1142 424 Non
1173 394 1263 422 recte
1290 399 1412 422 causas

175 441 384 481 perspexisse
404 441 483 473 mihi
497 441 630 474 videtur
644 441 846 481 Dietschius,
868 441 922 482 qui
936 441 1098 474 uberrime
1113 440 1240 481 quidem
1253 440 1287 472 in
1302 442 1411 471 annot.

176 489 219 520 ad
239 489 313 529 Ing.
334 490 383 529 38,
403 490 422 521 9
443 490 625 530 disputans,
657 494 695 522 ut
720 492 867 531 singulos
893 491 981 522 locos
1007 490 1197 529 explicaret,
1230 490 1340 522 enisus
1361 493 1413 522 est

177 546 291 577 neque,
312 538 367 577 qui
388 538 458 570 eius
479 538 624 578 vestigia
644 540 864 580 persequitur,
884 538 1156 570 Badstuebnerus
1177 548 1207 579 p.
1228 538 1276 570 39.

256 586 322 627 Qui
352 596 430 619 usus
462 596 656 627 quamquam
687 589 799 620 eadem
830 588 959 620 ratione
989 587 1117 619 minime
1137 597 1234 620 rarus
1256 592 1308 620 est
1328 588 1415 628 apud

177 636 335 675 probatos
358 636 547 676 scriptores,
569 640 679 668 tamen
702 638 789 677 apud
811 636 1004 669 Sallustium
1026 639 1092 667 tam
1113 637 1345 669 creberrimum
1369 637 1414 668 lo-

177 692 248 715 cum
269 685 379 723 habet,
400 687 436 716 ut
449 685 563 717 mirari
576 685 688 725 liceat,
710 686 821 719 multis
842 686 922 718 locis
944 695 1014 718 cum
1029 685 1157 717 dicendi
1170 686 1308 726 legibus,
1333 695 1413 726 quas

177 733 326 773 ascripsi,
347 743 413 766 non
429 734 527 773 plane
542 735 810 767 convenientibus
832 735 1024 774 scriptorem
1045 744 1109 766 non
1132 734 1224 766 modo
1247 735 1341 774 quasi
1361 744 1415 766 ne-

178 781 349 821 glegentia
380 782 533 821 quadam,
565 783 623 814 sed
653 782 880 814 deflectentem
918 783 1048 822 longius
1080 792 1100 814 a
1131 783 1416 822 grammaticorum

178 831 365 871 praeceptis
385 831 598 864 indicativum
618 832 812 864 insolentius
839 832 988 872 posuisse
1009 832 1103 863 nob's
1118 831 1333 863 confitendum
1355 835 1414 864 est.

179 879 378 911 Prolaturus
401 880 549 919 exempla
570 881 709 913 adiuvor
724 890 744 912 a
758 881 838 912 viris
860 881 1065 918 doctissimis,
1088 881 1219 919 quinon
1233 889 1339 919 pauca
1352 880 1416 911 iam
1454 903 1457 906 -

180 931 417 967 congesserunt
426 940 432 959 :

179 975 253 1008 Cat.
277 976 324 1016 14,
343 977 371 1008 7.
405 977 450 1016 17,
471 976 499 1008 7.
530 976 578 1015 22,
599 977 631 1015 2;
654 977 681 1008 3.
714 976 762 1014 27,
783 977 810 1008 4.
842 977 890 1015 30,
912 978 938 1009 6.
960 977 1008 1017 43,
1030 977 1058 1011 2.
1079 977 1127 1015 45,
1149 977 1175 1008 1.
1197 977 1245 1014 46,
1266 977 1293 1008 3.
1314 976 1363 1014 50,
1383 977 1413 1013 3:

318 1026 346 1056 4.
368 1026 416 1064 51,
437 1026 490 1063 32;
512 1026 563 1063 37,
585 1026 633 1057 43.
654 1026 702 1064 57,
725 1026 750 1056 1.

180 1072 253 1111 Iug.
275 1072 303 1111 7,
326 1073 352 1104 1.
386 1073 431 1112 16,
453 1073 480 1104 2.
513 1072 561 1112 24,
582 1074 609 1104 5.
631 1073 679 1112 25,
703 1073 748 1105 10.
781 1073 871 1111 29,1.
903 1073 951 1112 35,
966 1073 994 1104 4.
1015 1073 1106 1111 36,1.
1127 1073 1174 1110 38,
1190 1072 1221 1103 9:
1244 1072 1418 1111 ,Iugurtha

319 1121 423 1152 verba
449 1121 543 1153 facit:
576 1122 710 1154 tametsi
732 1147 738 1154 .
761 1147 768 1154 .
791 1147 797 1154 .
819 1125 925 1161 tenet,
957 1125 1066 1153 tamen
1092 1130 1127 1154 se
1149 1147 1155 1153 .
1179 1147 1185 1153 .
1208 1146 1213 1153 .
1235 1119 1417 1153 missurum‘

323 1170 351 1201 si
371 1169 520 1209 legimus,
551 1174 589 1202 ut
611 1171 742 1210 plurimi
767 1175 865 1210 atque
889 1170 1001 1210 optimi
1025 1171 1151 1202 codices
1175 1170 1338 1208 exhibent,
1359 1179 1418 1209 pro

321 1217 478 1256 ,teneret‘,
511 1219 595 1257 quod
627 1220 660 1250 in
692 1228 754 1250 uno
786 1221 889 1257 extat,
920 1218 1118 1250 indicativus
1150 1220 1328 1257 usurpatus
1353 1227 1418 1249 non

321 1266 489 1305 paululum
504 1266 691 1299 offensionis
705 1267 814 1299 habet.
857 1267 917 1305 (49,
932 1266 950 1298 2
972 1269 1024 1298 est
1046 1266 1220 1306 legendum
1241 1265 1418 1304 ,miserint‘,

323 1323 392 1346 cum
415 1315 593 1354 ,miserant,
619 1316 788 1354 miserunt,
814 1315 959 1346 miserat‘
980 1324 1044 1345 non
1065 1315 1169 1354 pauci,
1196 1315 1254 1345 sed
1279 1314 1419 1345 minores

323 1363 450 1395 codices
466 1363 646 1401 tueantur).
678 1363 726 1402 54,
744 1364 773 1395 1:
797 1363 848 1402 ,ad
863 1365 984 1402 cetera,
999 1372 1082 1402 quae
1097 1362 1184 1394 levia
1199 1365 1284 1401 sunt,
1306 1371 1419 1402 parem

323 1411 462 1443 animum
476 1411 615 1451 gerant‘,
637 1412 692 1443 ubi
706 1411 898 1443 Dietschius
919 1411 953 1442 in
969 1410 1048 1443 Sall.
1064 1412 1113 1443 ed.
1128 1411 1201 1443 mai.
1223 1411 1312 1443 solus
1334 1410 1419 1450 ,sint‘

323 1460 466 1499 scripsit,
494 1461 578 1499 quod
599 1460 697 1491 nullis
727 1460 829 1491 libris
854 1460 1072 1491 confirmatur.
1094 1460 1142 1499 63,
1166 1460 1190 1491 1.
1212 1460 1260 1496 81,
1283 1460 1314 1490 1:
1338 1459 1419 1498 ,quis

358 1532 365 1539 .
392 1533 398 1539 .
426 1508 568 1539 advorsa
589 1507 685 1546 sunt‘,
712 1516 774 1547 quo
799 1508 870 1539 loco
892 1508 1058 1547 scriptura
1078 1506 1163 1546 ,sint‘
1186 1508 1253 1539 cod.
1274 1507 1416 1539 Parisin.

324 1556 400 1588 1576
434 1558 603 1596 probatur.
638 1566 828 1596 quamquam
861 1557 1016 1596 permulti
1047 1556 1105 1588 alii
1136 1556 1231 1595 ,sunt‘
1262 1556 1416 1588 retinent.

324 1605 371 1644 93,
394 1606 425 1643 1,
447 1606 476 1643 6,
496 1604 544 1643 97,
564 1605 591 1636 3.
615 1605 681 1641 106,
702 1605 729 1635 3.
753 1604 819 1642 112,
840 1605 867 1635 2.

186 1651 263 1683 hist.
285 1652 304 1684 Ι
323 1653 372 1692 48,
393 1653 440 1684 22.

264 1701 412 1733 Eandem
432 1701 619 1733 libertatem
641 1701 812 1733 indicativi
837 1701 871 1732 in
892 1701 1050 1733 orationis
1077 1701 1228 1740 obliquae
1250 1701 1421 1733 sententiis

186 1749 352 1782 scribendi
373 1759 411 1781 ac
431 1750 598 1781 licentiam
620 1749 750 1788 Trogus
773 1749 835 1780 sibi
856 1749 1042 1788 assumpsit,
1065 1751 1102 1780 ut
1123 1758 1162 1779 ex
1184 1757 1275 1787 capp.
1290 1748 1321 1786 4,
1341 1749 1373 1786 33
1388 1749 1421 1779 9:

187 1798 272 1838 quod
294 1823 322 1830 ..
339 1823 345 1829 .
368 1798 502 1835 terruit3
525 1797 580 1837 qui
602 1822 629 1829 ..
646 1822 653 1828 .
676 1797 838 1835 incolunt,
862 1797 916 1836 qui
937 1821 944 1828 .
960 1821 966 1828 .
982 1821 989 1828 .
1010 1798 1264 1836 occupaverant:
1288 1796 1333 1828 10.
1349 1796 1423 1836 5,3:

186 1857 257 1880 cum
279 1873 286 1880 .
308 1872 315 1879 .
338 1873 344 1880 .
372 1848 572 1887 ademerant,
604 1855 699 1886 quam
730 1850 976 1884 concesserant;
1004 1846 1035 1885 6;
1058 1846 1090 1884 7;
1117 1845 1149 1883 8;
1172 1845 1198 1877 9.
1222 1844 1252 1883 6,
1272 1846 1304 1877 3:
1331 1845 1423 1877 fuere

186 1896 372 1934 transiecti;
395 1897 600 1933 domuerant,
622 1896 649 1927 4.
673 1895 702 1935 7,
724 1896 756 1933 2;
778 1895 797 1927 9
817 1895 1024 1927 manifestum
1038 1894 1085 1934 fit,
1107 1903 1190 1934 quae
1210 1903 1264 1925 res
1284 1894 1362 1926 mihi
1382 1895 1424 1926 ad

187 1945 341 1977 Sallustii
359 1945 573 1976 imitationem
595 1947 745 1984 spectare
766 1944 906 1976 videtur.

267 2141 288 2179 ¹)
309 2141 346 2171 cf.
366 2140 528 2208 §81:11stss
549 2140 601 2207 lag.
622 2138 757 2207 (ἓτῗςιί-’ὴὲ
779 2138 942 2206 ς186.3ξῖ)911
964 2138 1029 2206 23ὲέ
1051 2138 1117 2167 795.

369 2188 501 2254 Βῗαενςιὲι·
520 2180 551 2245 lt
552 2202 581 2245 '1.
601 2187 680 2253 lli-ag.
701 2187 770 2245 {lae
778 2178 838 2253 sq}
924 2186 953 2214 p-
1033 2199 1039 2206 “
1093 2252 1100 2258 ·

370 2254 500 2284 Dietsch.
522 2255 552 2283 in
572 2254 616 2283 ed.
636 2254 707 2283 Sall.
729 2253 824 2290 Crispi
844 2252 908 2282 Cat.
929 2254 960 2282 et
979 2252 1045 2290 Iug.
1065 2252 1144 2289 Llps.
1167 2251 1204 2280 ad
1222 2251 1286 2287 lug.
1308 2250 1352 2284 38,
1369 2250 1395 2278 9.

238 2293 289 2362 45)
310 2293 353 2362 ⁰52⁰)
377 2293 506 2323 eiusdem
537 2292 814 2322 commentationum
834 2290 904 2321 edit.
926 2291 993 2321 mai.
1021 2289 1266 2329 praescriptarum
1294 2297 1355 2326 cap.
1382 2287 1426 2316 lv

189 2340 217 2369 p.
278 2349 313 2354 -
355 2354 362 2362 .
