1604 2528
774 69 784 83 Ι

773 98 817 129 28

212 211 245 242 4:
268 221 329 250 ego
344 218 408 241 non
423 209 656 243 validissumus
669 222 764 251 prae·
864 214 893 250 4,
914 213 947 242 5:

172 261 233 293 beo
255 260 445 301 exemplum,
473 269 535 300 quo
556 260 679 293 rectius
707 264 765 293 tua
825 259 972 301 exempla
993 285 1000 292 .
1022 285 1029 292 .
1051 285 1058 291 .
1080 261 1241 292 moveant.

171 320 354 351 componas.

210 361 245 392 6:
299 360 501 392 Antiochum
556 361 764 392 concessione
863 362 892 400 5,
919 361 952 392 3:
994 359 1188 399 Phrygiam,
1230 368 1383 398 quam..
1405 383 1412 390 .

172 409 276 441 Asiae
299 434 306 441 .
329 434 335 440 .
359 434 365 440 .
389 412 551 440 avortere.
826 409 1005 450 praemium
1026 433 1032 440 .
1056 433 1062 440 .
1085 433 1091 439 .
1113 410 1352 439 concesserant.

210 459 243 490 5:
265 458 412 497 Namque
434 458 592 489 Romanis
613 467 684 489 cum
706 467 762 490 na·
861 460 890 499 5,
923 459 972 490 10:
1013 461 1047 489 et
1080 466 1164 489 nunc
1199 466 1268 488 eam
1304 465 1412 488 secum

821 508 967 538 bellandi
987 507 1054 538 illis
1069 515 1200 537 causam
1213 506 1293 544 fore,
1316 505 1409 543 quod.

862 556 890 593 6,
912 555 943 586 6:
967 555 1043 594 quin
1064 579 1070 586 .
1094 579 1100 586 .
1123 579 1130 585 .
1151 553 1307 593 triumphi
1321 561 1410 593 spec-

822 604 966 635 taculum
987 603 1201 642 experiretur.

170 507 315 537 tionibus
337 531 343 537 .
360 531 366 537 .
384 531 390 537 .
412 515 513 537 causa
532 506 678 537 bellandi
700 510 761 538 est.

209 555 241 586 8:
273 554 415 586 hostium
447 563 536 585 more
563 563 623 593 per
649 554 762 586 trium-

169 603 266 643 phum
290 603 420 634 duxere.

248 681 323 713 Non
343 682 477 713 minoris
499 681 730 712 haesitationis
752 682 843 712 locus
865 685 926 718 est,
948 692 1022 713 num
1049 685 1139 713 recte
1164 684 1317 720 putemus
1347 689 1412 711 non

170 736 230 767 per
252 728 378 767 aliquot
405 729 515 768 capita
536 728 681 767 Trogum
708 737 725 759 e
753 727 912 759 Sallustio
933 729 1086 768 pendere,
1118 729 1175 759 sed
1205 731 1310 759 totum
1341 736 1412 758 eum

169 778 203 809 in
234 777 455 818 componenda
487 777 635 810 oratione
669 781 746 809 ante
777 777 888 810 oculos
921 778 975 810 vel
1005 777 1039 809 in
1065 777 1219 809 memoria
1245 776 1408 809 habuisse.

169 827 314 858 Possunt
335 827 417 857 enim
441 827 508 864 illa,
531 836 613 865 quae
634 826 783 865 proferre
805 827 883 857 mihi
903 827 936 857 in
958 826 1063 857 animo
1085 830 1146 864 est,
1175 827 1216 856 ab
1246 826 1316 857 acri
1337 825 1409 856 sub-

168 873 284 912 tilique
305 873 412 904 iudice
434 882 498 904 non
518 873 602 904 talia
623 873 735 912 accipi,
759 873 909 911 qualibus
930 873 959 904 si
981 873 1052 912 quis
1071 873 1198 903 nitatur
1213 873 1296 904 satis
1312 875 1407 903 caute

969 219 1007 241 ac
1029 210 1056 241 si
1078 219 1170 249 quem
1185 200 1294 241 aliena
1307 208 1412 248 magis
1430 200 1433 202 ’
1484 207 1489 209 “
1524 197 1564 221 '³³'—

171 926 272 961 atque
294 922 472 968 diligenter
492 921 623 953 iudicet.
666 921 758 961 Quae
779 921 866 953 ratio
888 921 1029 961 conspici
1049 924 1160 961 potest
1180 921 1214 953 in
1235 921 1299 953 his:

424 989 504 1020 Sall.

208 1039 282 1078 Iug.
310 1038 376 1077 102,
404 1038 454 1069 12:
487 1048 522 1069 se
553 1047 617 1069 non
647 1038 761 1069 hostili

169 1088 275 1119 animo
298 1113 304 1119 .
326 1113 333 1119 .
356 1113 362 1119 .
385 1097 476 1119 arma
496 1087 632 1127 cepisse.

210 1136 283 1167 Cat.
305 1137 353 1175 20,
377 1137 427 1167 1οι
450 1136 589 1167 victoria
609 1136 643 1166 in
663 1145 761 1166 manu

168 1185 262 1216 nobis
289 1188 354 1223 est3
382 1185 475 1224 viget
501 1187 604 1223 aetas,
635 1184 760 1215 animus

168 1235 268 1266 valet.

208 1283 282 1322 Iug.
306 1282 371 1321 112,
394 1282 425 1313 1:
448 1282 511 1313 sibi
526 1306 532 1312 .
549 1306 555 1312 .
572 1306 579 1312 .
595 1281 760 1320 cognitum

169 1340 266 1372 posse
282 1331 525 1363 condicionibus
540 1331 660 1362 bellum
673 1330 759 1370 poni.

208 1380 282 1412 Cat.
296 1380 347 1420 52,
367 1379 419 1412 24:
443 1379 613 1411 Gallorum
627 1383 759 1418 gentem

166 1429 423 1460 infestissumam
445 1429 566 1460 nomini
586 1428 744 1460 Romano.

1070 989 1154 1021 Iust.

860 1048 885 1069 c.
913 1038 941 1076 4,
975 1039 1008 1070 3:
1042 1047 1106 1069 non
1140 1041 1268 1069 tantum
1303 1038 1408 1069 animo

820 1087 988 1119 hostiliter
1009 1112 1016 1119 .
1039 1113 1045 1119 .
1069 1113 1075 1119 .
1097 1087 1293 1127 congressis.

859 1137 888 1173 4,
908 1136 940 1166 4:
968 1136 1030 1166 sibi
1060 1137 1220 1167 victoriae
1250 1136 1409 1174 fiduciam,

824 1185 852 1215 si
874 1184 918 1216 sit
938 1184 1004 1216 illis
1027 1184 1161 1223 animus,

859 1282 946 1313 vinci
966 1291 1062 1321 posse
1083 1282 1247 1321 cognitum
1269 1291 1333 1312 non
1347 1282 1410 1313 sibi

819 1331 924 1370 magis
946 1339 1041 1370 quam
1061 1330 1141 1371 ipsis
1163 1330 1329 1362 militibus.

858 1380 887 1418 4,
909 1380 941 1411 9:
964 1379 1133 1411 Gallorum
1155 1383 1263 1412 autem
1284 1389 1411 1420 nomen,

820 1429 904 1467 quod
925 1438 1052 1468 semper
1073 1429 1238 1460 Romanos
1260 1429 1389 1460 terruit.

246 1497 422 1529 Adhaeret
450 1506 548 1529 sensu
574 1497 774 1537 praegnanti
805 1497 964 1529 vocabulo
996 1496 1129 1536 ,nomen‘
1156 1497 1283 1537 gloriae
1314 1497 1409 1529 clari-

172 1547 360 1585 tudinisque
389 1546 596 1585 significatio,
621 1549 659 1576 ut
684 1546 772 1585 apud
799 1545 992 1577 Sallustium
1012 1546 1042 1577 h.
1064 1546 1096 1583 1.,
1119 1546 1173 1585 qui
1198 1546 1276 1577 mihi
1297 1556 1408 1578 ansam

172 1595 262 1626 dedit
283 1595 365 1625 haec
386 1594 525 1633 dicendi,
546 1594 620 1632 Iug.
641 1594 670 1633 5,
691 1595 718 1624 4.
743 1594 788 1633 10,
811 1593 838 1624 2.
859 1594 907 1630 58,
928 1594 955 1625 3.
984 1594 1026 1624 al.

207 1663 281 1702 Iug.
302 1663 351 1701 49,
373 1662 406 1694 2:
434 1672 504 1694 cum
530 1663 570 1694 iis
592 1665 759 1694 certamen

167 1712 247 1752 fore,
276 1721 356 1751 quos
383 1714 482 1743 antea
503 1711 608 1743 victos
630 1712 689 1743 sub
711 1711 758 1742 iu-

168 1771 244 1802 gum
265 1761 424 1794 miserint.

213 1811 286 1844 Oat.
308 1812 336 1851 5,
360 1811 410 1843 18:
432 1820 537 1850 genus
557 1820 683 1850 poenae
704 1820 758 1842 no—

168 1869 249 1893 vom.

207 1909 280 1949 Iug.
318 1909 384 1949 109,
416 1909 448 1941 2:
484 1909 667 1949 quaesitum
700 1918 757 1949 pa-

170 1967 238 1990 cem
260 1968 302 1990 an
323 1959 444 1990 bellum
459 1959 648 1997 agitaturus
662 1958 758 1989 foret.

206 2007 281 2046 Iug.
303 2008 351 2047 35,
379 2008 430 2039 10:
458 2007 568 2039 iussus
594 2016 614 2038 a
641 2010 758 2039 senatu

171 2054 275 2088 Italia
296 2057 463 2088 decedere.

204 2105 278 2145 Iug.
300 2106 347 2145 82,
368 2107 401 2138 3:
422 2106 563 2137 victoria
591 2115 631 2137 ex
657 2105 758 2137 mani-

164 2153 226 2186 bus
248 2155 441 2194 eriperetur.

204 2204 278 2245 Iug.
310 2205 343 2244 5,
374 2204 407 2236 4:
448 2204 659 2242 Massinissa,
700 2213 759 2236 rex

166 2252 397 2294 Numidarum,
431 2254 465 2285 in
500 2254 676 2286 amicitiam
709 2263 760 2286 re-

167 2308 284 2344 ceptus
307 2313 327 2335 a
340 2303 376 2335 P.
394 2303 557 2344 Scipione,
580 2303 631 2334 cui
645 2306 762 2343 postea

164 2353 325 2386 Africano
355 2362 533 2393 cognomen
566 2361 617 2390 eX.
637 2353 762 2385 virtute

856 1662 890 1699 4,
918 1661 966 1693 12:
1020 1661 1144 1694 deletos
1189 1662 1410 1695 Romanorum

820 1711 984 1742 exercitus
1024 1711 1119 1750 ferri,
1161 1721 1181 1742 a
1215 1712 1408 1751 quibusdam

819 1769 903 1792 novo
925 1760 1139 1792 contumeliae
1165 1770 1254 1792 more
1280 1762 1340 1793 sub
1361 1761 1408 1793 iu-

819 1819 894 1850 gum
915 1810 1039 1852 missos.

857 1910 885 1948 5,
906 1909 939 1941 2:
962 1908 1036 1940 Non
1057 1909 1141 1941 enim
1162 1910 1276 1948 quaeri
1297 1919 1339 1941 an
1353 1919 1405 1941 ca-

817 1959 941 1998 piunda
961 1959 1028 1990 sint
1048 1967 1148 1990 arma.

857 2007 886 2046 5,
905 2007 940 2039 4:
961 2007 1192 2047 Paphlagonia
1203 2016 1238 2038 se
1249 2007 1406 2038 decedere

818 2057 985 2089 iusserint.

857 2106 886 2146 5,
906 2106 941 2138 7:
962 2108 1091 2146 raptum
1120 2106 1182 2138 sibi
1210 2115 1282 2138 esse
1307 2106 1409 2138 victo-

817 2155 887 2187 riae
907 2155 967 2187 ius.

858 2204 886 2242 6,
907 2204 927 2237 5
947 2204 1079 2237 Nullius
1101 2205 1188 2245 apud
1208 2213 1264 2237 eos
1284 2204 1410 2236 maiora

821 2263 915 2294 quam
936 2254 1158 2294 Massinissae,
1183 2254 1274 2294 regis
1299 2253 1410 2287 Numi—

822 2304 945 2343 darum,
965 2304 1082 2335 haberi
1101 2304 1232 2335 merita:
1258 2304 1333 2335 huic
1354 2303 1410 2335 im-

821 2353 933 2393 putari
960 2356 1090 2393 captum
1116 2352 1311 2393 Syphacem,
1337 2352 1410 2384 huic
