1604 2528
779 101 821 137 14

178 216 326 251 breviter
357 216 436 249 flere
469 216 627 250 miserias.
669 217 827 258 Alioquin
854 219 896 250 ad
921 218 1002 249 haec
1027 217 1143 249 merito
1171 217 1364 258 explicanda
1385 219 1419 250 et
1459 231 1476 241 ν

178 266 388 305 Thucydides
410 268 444 296 et
466 264 645 297 Sallustius
666 267 748 298 muti
769 267 843 297 sint.

257 331 295 336 -—
317 314 357 346 de
378 314 445 346 situ
467 318 501 347 et
521 315 704 346 nominibus
730 315 874 347 locorum
898 314 1053 346 Hebraic.
1082 314 1167 354 (opp.
1189 313 1248 346 III
1271 314 1285 345 1
1308 315 1338 354 p.
1359 314 1418 346 202

180 364 230 395 ed.
261 363 435 402 Vallars.):
476 363 581 395 Porro
613 363 792 395 Sallustius
825 366 940 395 auctor
966 363 1168 394 certissimus
1200 363 1321 394 asserit
1351 366 1418 395 tam
1446 405 1453 407 „

177 412 290 452 Tigris
312 421 406 451 quam
427 412 610 452 Euphratis
630 413 664 443 in
684 412 845 443 Armenia
869 412 976 443 fontes
1002 411 1228 443 demonstrari.

258 478 293 483 —
316 469 425 492 comm.
447 460 481 492 in
502 460 718 492 ecclesiasten
739 469 808 500 cap.
830 460 863 493 V
889 459 990 498 (1111
1013 470 1042 500 p.
1064 460 1151 499 430):
1178 460 1343 492 sententia
1363 469 1418 492 no-

177 510 254 541 bilis
274 509 432 548 historici,
460 509 545 548 quod
566 509 710 540 avaritia
731 518 835 548 neque
855 509 966 549 inopia
985 518 1089 547 neque
1111 509 1204 548 copia
1223 509 1397 541 minuatur.

256 557 436 596 Augustin.
459 558 498 588 de
520 558 619 588 beata
640 557 711 588 vita
731 557 751 588 1.
774 557 792 587 Ι
815 557 902 596 (opp.
924 561 946 588 t.
969 557 986 587 I
1007 567 1037 596 p.
1060 557 1142 588 197·
1157 557 1189 588 D
1205 557 1254 589 ed.
1275 557 1418 596 theolog.

177 606 380 638 Lovaniens.
401 605 508 644 Lug-d.
532 605 632 643 1664):
656 604 812 644 Quamvis
835 605 919 637 enim
931 604 1111 637 Sallustius
1132 606 1329 638 lectissimus
1341 615 1418 647 pen-

179 658 271 686 sator
293 656 477 693 verborum‚
500 654 644 693 egestati
660 654 811 693 opposuit
826 654 1034 693 opulentiam,
1055 657 1164 685 tamen
1184 655 1307 694 accipio
1321 655 1418 686 istam

177 704 422 744 plenitudinem.

259 769 293 773 —
317 751 360 782 ad
385 751 566 782 Marcellin.
600 761 648 790 ep.
670 752 689 782 5
717 751 794 787 (vol.
816 750 835 781 I
855 754 878 782 t.
900 750 938 781 11
959 760 988 790 p.
1010 750 1052 781 7¹³
1071 750 1121 789 C):
1152 751 1186 782 in
1211 751 1296 782 libro
1318 750 1417 783 etiam

178 800 258 833 belli
280 799 445 831 Catilinae
477 803 554 831 ante
581 800 757 832 adventum
789 800 900 839 utique
928 799 1053 831 Christi
1083 800 1167 831 idem
1197 799 1417 832 nobilissimus

177 849 354 880 historicus
376 857 486 879 eorum
509 857 573 878 non
596 851 693 879 tacet.

255 914 294 918 —-
316 897 358 927 ad
379 896 570 935 Hieronym.
593 905 642 934 ep.
664 896 703 926 29
725 893 801 930 (vol.
823 893 841 923 I
863 896 885 924 t.
901 893 940 924 ΙΙ
960 903 990 932 p.
1001 895 1061 927 35¹³
1084 895 1143 933 B):
1167 895 1369 935 Qua-mquam
1384 898 1418 926 et

178 946 264 986 apud
284 945 359 977 illos
374 944 543 975 Romanae
558 943 690 981 linguae
706 942 960 973 dissertissimus
975 942 1096 974 dixerit
1117 951 1230 982 ‚neque
1244 943 1294 973 illi
1307 946 1418 974 tamen

178 995 219 1026 ad
241 993 419 1026 cavendum
441 992 544 1030 dolus,
567 995 601 1022 at
624 991 749 1022 astutia
770 991 916 1022 deerant'
939 991 1094 1022 astutiam
1114 1000 1237 1031 ponens
1256 991 1290 1022 in
1303 992 1396 1023 bono.

256 1060 295 1064 —
327 1043 367 1074 de
402 1041 490 1073 civit.
531 1040 584 1071 dei
614 1040 632 1070 I
664 1049 733 1080 cap.
754 1040 773 1070 5
806 1040 882 1077 (vol.
908 1039 966 1070 III
992 1049 1021 1079 p.
1047 1040 1066 1071 7
1074 1045 1088 1060 ⁸
1109 1040 1160 1079 C):
1192 1040 1277 1071 sicut
1303 1039 1417 1071 scribit

179 1092 359 1123 Sallustius
381 1091 553 1121 nobilitate
576 1089 729 1120 veritatis
750 1089 936 1120 historicus.

257 1156 295 1161 —
316 1140 357 1172 ib.
385 1140 424 1171 II
449 1140 486 1171 21
516 1139 559 1178 (p.
586 1137 647 1170 731>
667 1138 725 1177 A):
748 1137 813 1169 Sed
845 1138 873 1169 si
904 1138 1130 1177 contemnitur,
1153 1138 1206 1177 qui
1236 1137 1417 1170 Romanam

179 1198 248 1220 rem
269 1189 431 1228 publicam
452 1188 625 1227 pessimam
648 1196 686 1217 ac
706 1186 996 1225 flagitiosissimam
1018 1188 1110 1226 dixit,
1131 1196 1191 1218 nee
1213 1190 1330 1219 curant
1350 1187 1416 1224 isti,

179 1239 302 1276 quanta
316 1262 323 1268 .
339 1262 345 1268 .
361 1261 368 1268 .
383 1237 568 1276 impleatur,
590 1236 647 1267 sed
662 1260 669 1267 .
686 1260 692 1266 .
709 1260 715 1266 .

255 1302 295 1307 —
315 1286 357 1317 ib.
379 1285 437 1316 111
460 1285 497 1316 17
519 1286 563 1325 (p.
586 1284 665 1317 103¹>
684 1284 741 1322 A):
769 1283 948 1316 Sallustius
970 1309 976 1315 .
998 1309 1004 1315 .
1027 1309 1032 1315 .
1054 1285 1096 1315 ad
1116 1284 1286 1315 honestam
1317 1284 1415 1315 liber-

177 1338 281 1366 tatem
300 1334 468 1375 pertinere
489 1334 647 1366 arbitrati
668 1338 753 1372 sunt,
775 1334 861 1365 mala
882 1333 1028 1365 civitatis
1048 1333 1201 1373 propriae
1215 1342 1280 1364 non
1294 1337 1415 1372 tacere,

179 1393 274 1422 quam
294 1383 406 1414 multis
428 1383 508 1414 locis
530 1392 647 1421 magno
668 1383 842 1421 praeconio
863 1383 1000 1414 laudare
1022 1383 1178 1422 compulsi
1199 1386 1283 1414 sunt.

257 1431 399 1463 Macrob.
422 1431 582 1463 saturnal.
610 1431 668 1462 III
691 1431 736 1470 13,
759 1431 850 1463 7-9:
877 1431 951 1471 ipsa
976 1431 1016 1462 de
1042 1440 1079 1462 eo
1102 1432 1159 1470 (sc.
1186 1431 1319 1464 Metello
1340 1431 1414 1470 Pio)

183 1479 335 1513 Sallustii
349 1481 452 1513 verba
466 1480 603 1512 subieci:
630 1490 668 1512 ac
683 1481 836 1512 Metellus
851 1484 912 1512 etc.
930 1480 981 1518 (Ξ
995 1480 1128 1512 fr.11.11
1141 1481 1179 1512 23
1192 1481 1241 1513 ed.
1255 1481 1414 1519 Dietsch).

180 1529 261 1560 haec
277 1529 457 1560 Sallustius
471 1527 695 1567 'gravissimus
711 1530 839 1560 alienae
860 1530 1010 1561 luxuriae
1032 1530 1227 1569 obiurgatur
1242 1533 1276 1560 et
1290 1538 1414 1561 censor.

256 1594 295 1598 —
316 1578 349 1610 V
372 1578 398 1615 1.
419 1577 452 1609 7:
475 1580 551 1609 sunt
577 1587 701 1616 genera
728 1577 869 1609 dicendi:
891 1596 930 1599 —-
951 1579 1060 1618 breve,
1086 1578 1119 1609 in
1147 1587 1208 1617 quo
1236 1577 1414 1610 Sallustius

177 1629 307 1665 regnat.

259 1673 354 1705 Sollii
376 1674 486 1706 Sidon.
502 1675 708 1714 Apollinaris
731 1685 828 1706 carm.
850 1676 888 1707 II
911 1676 968 1707 190
990 1676 1033 1715 (p.
1050 1676 1087 1707 18
1102 1676 1152 1706 ed.
1168 1675 1283 1707 Savar.
1300 1675 1413 1707 Claro-

176 1726 274 1755 mont.
296 1722 394 1755 Paris
416 1724 522 1762 1569):
545 1724 619 1764 Qua
635 1723 772 1765 Crispus
788 1725 952 1757 brevitate
973 1724 1091 1765 placet.

254 1790 294 1795 -—
315 1782 412 1805 earm.
428 1773 553 1804 XXIII
576 1773 629 1804 151
655 1774 698 1813 (p.
721 1773 806 1812 186):

415 1821 461 1853 Et
483 1825 516 1853 te
539 1821 592 1860 qui
613 1822 781 1853 brevitate
804 1821 914 1862 Crispi
934 1822 1060 1861 polles?

254 1870 403 1911 Pompeii
429 1873 595 1903 comment.
624 1874 687 1902 art.
714 1870 839 1902 Donati
862 1871 907 1908 (V
928 1880 957 1910 p.
970 1870 1038 1908 294,
1061 1870 1097 1902 13
1118 1871 1191 1908 K.):
1215 1871 1434 1910 macrologia·

177 1923 237 1958 est,
262 1921 412 1959 quotiens
434 1923 468 1951 et
483 1921 587 1952 verba
608 1918 812 1959 superfluunt
833 1923 867 1951 et
888 1929 1017 1970 sensus:
1040 1920 1153 1959 ,legati
1168 1929 1231 1952 non
1246 1921 1415 1960 inpetrata

175 1978 256 2007 pace
276 1972 377 2007 retro,
400 1969 484 2000 unde
507 1972 676 2005 venerant,
699 1969 825 1999 domum
846 1970 992 2007 regressi
1014 1971 1109 2000 sunt.‘

253 2016 366 2047 Rufini
388 2026 496 2047 comm.
520 2017 559 2047 de
581 2017 724 2048 numeris
747 2020 830 2048 orat.
853 2017 919 2054 <VI
939 2026 969 2056 p.
990 2017 1058 2056 575,
1081 2017 1118 2048 17
1138 2017 1212 2056 Κ.);
1241 2017 1414 2058 Pompeius

174 2065 411 2097 Messalinus..
427 2090 433 2097 .
447 2066 486 2096 de
509 2065 714 2097 Sallustiana
726 2066 957 2105 compositione
970 2066 1039 2098 sive
1051 2066 1090 2097 de
1108 2075 1241 2098 numero
1261 2070 1295 2098 et
1309 2070 1414 2098 struc-

173 2117 264 2145 tura:
276 2113 308 2146 N
310 2124 380 2153 unc,
393 2114 421 2145 si
433 2114 573 2152 videtur,
586 2113 811 2145 Sallustianae
824 2114 950 2153 periodi
961 2123 1111 2146 numeros
1123 2114 1347 2154 inspiciamus:
1359 2124 1413 2146 res

172 2162 284 2202 populi
304 2162 447 2194 Romani
468 2162 579 2193 Marco
601 2162 726 2201 Lepido
748 2187 754 2194 .
771 2187 800 2194 ..

250 2211 339 2252 Lydi
372 2203 464 2256 περὲ
499 2205 633 2256 ἀρχῶν
661 2208 731 2257 τῆς·
758 2203 963 2255 Ῥωμαίων
994 2204 1193 2251 πολιτείας
1222 2212 1265 2252 (p.
1287 2212 1354 2252 119,
1376 2212 1414 2244 15

172 2270 221 2303 ed.
243 2270 408 2310 Bekker):
429 2261 529 2313 μεθ’
546 2261 619 2307 οὓς
634 2263 870 2308 Σαλούστιος
892 2263 1037 2311 οὗτος-ὁ
1055 2264 1252 2315 ἱστορικὸς
1267 2264 1331 2304 ἐπὶ
1346 2269 1417 2319 τῆς

172 2323 332 2378 πρώτης
350 2323 525 2374 ἱστορίας
543 2329 687 2378 σαφῶς·
705 2324 973 2366 ἀναδιδάσκει.
