1604 2528
777 114 819 148 35

172 227 200 268 4,
218 226 267 261 10:
289 226 430 268 ingenia.
816 226 896 259 Sall.
919 225 991 258 Cat.
1023 225 1094 264 8,3;
1116 225 1143 257 4.
1176 223 1223 263 20,
1239 222 1267 256 2.
1302 223 1351 263 51,
1368 222 1400 263 8,

868 276 915 307 35.
937 275 1009 313 Iug.
1032 275 1098 313 103,
1109 274 1137 306 2.

172 327 200 366 6,
215 327 246 358 8;
269 327 366 358 animi
817 324 904 364 apud
925 323 1007 354 Sall.
1028 323 1203 354 tritissima
1224 331 1296 353 vox.

251 379 308 407 aut
327 376 359 414 4)
381 378 516 416 propter
537 374 787 406 concinnitatem
808 373 983 405 verborum
992 372 1030 410 ¹):

172 424 200 462 7,
216 424 266 455 10:
288 433 393 463 regna
413 423 652 455 hereditatibus
674 422 843 460 acquisita.

250 471 281 511 2)
304 475 338 503 et
358 473 389 511 3)
413 471 670 510 subiungendum
692 473 756 502 est:
828 488 836 494 ·
1070 494 1072 496 .

171 521 199 560 7,
214 520 245 552 2:
267 520 403 560 imperia
423 519 608 559 peregrina.
818 516 898 548 Sall.
921 515 994 547 Cat.
1015 515 1043 555 6,
1055 515 1082 546 7.
1104 515 1194 554 19,4,
1216 515 1244 546 5.

816 565 890 604 Iug.
912 565 979 604 3‚1.
1000 564 1029 603 4,
1040 564 1068 595 7.
1090 564 1196 600 31,11.
1218 564 1304 601 77,1.

816 614 893 645 hist.
915 613 974 644 III
994 613 1088 652 61,5;
1110 613 1161 652 16,
1184 613 1230 644 18.

248 666 488 698 Immutationis
510 664 790 697 substantivorum
812 658 1053 695 abstractorum
1074 671 1133 701 pro
1155 661 1327 700 concretis,
1349 660 1404 700 qui

171 725 249 746 usus
281 714 438 745 sermonis
470 712 666 744 Sallustiani
696 712 883 752 proprietas
914 712 983 742 late
1013 714 1132 750 patens
1164 714 1225 748 est,
1256 710 1404 749 exempla

175 764 369 795 exhibentur
389 762 523 794 haecce:

248 812 276 850 4,
292 812 326 843 6:
348 811 575 842 aemulationis
594 813 626 841 et
641 810 784 841 invidiae
806 810 946 841 studium
958 825 998 834 =
1012 809 1248 840 aemulatorum
1269 811 1303 839 et
1323 808 1404 840 invi-

172 860 285 891 dorum
306 859 457 891 studium.

248 909 276 946 6,
290 908 325 940 2:
348 908 581 948 ‚cognitionum
604 907 658 946 [al.
673 907 913 947 cognationum]
937 906 1086 938 arbitria‘
1100 907 1242 946 positum
1257 909 1309 938 est
1329 915 1403 946 pro:

170 957 373 997 cognitorum
396 957 632 996 [cognatorum]
654 955 708 989 vel
729 957 878 988 iudicum.

170 1007 197 1042 7,
215 1007 248 1038 4:
278 1006 433 1046 Scythiae
465 1006 608 1037 locorum
643 1006 756 1037 solitu·
817 1004 897 1037 Sall.
918 1005 992 1044 Ing.
1025 1005 1071 1044 17,
1088 1004 1115 1036 2.
1147 1005 1195 1043 74,
1213 1005 1238 1036 1.
1270 1004 1361 1043 75,1.

223 1056 351 1087 dinibus
360 1055 414 1086 vel
425 1054 602 1093 frigoribus
617 1054 755 1086 instruc·
868 1054 915 1092 80,
928 1054 953 1085 1.
975 1054 1022 1093 89,
1043 1054 1071 1085 4.

223 1108 278 1135 tae
306 1104 339 1135 id
372 1107 422 1135 est
447 1104 527 1135 locis
556 1104 696 1135 desertis
723 1106 757 1135 et

224 1153 365 1192 frigidis.

247 1211 299 1242 Ea
325 1219 419 1250 quam
445 1210 544 1249 vulgo
571 1203 668 1241 κατὰ
703 1203 855 1240 σύνεσιν
874 1218 1026 1241 vocamus
1053 1209 1303 1246 constructione,
1330 1217 1401 1240 cum

172 1259 324 1292 Ciceroni
346 1259 546 1298 Caesarique
567 1258 728 1290 inusitata
747 1257 857 1295 fuerit,
879 1257 1071 1290 Sallustium
1096 1259 1184 1290 haud
1209 1268 1288 1291 rara
1309 1268 1401 1290 usum

171 1318 244 1340 esse
265 1308 428 1348 permulta
450 1308 596 1348 exempla
619 1308 744 1347 docent,
767 1316 849 1346 quae
869 1307 1115 1339 Anschuetzius
1136 1307 1157 1338 l.
1179 1308 1199 1339 1.
1220 1317 1250 1347 p.
1272 1307 1306 1339 21
1332 1316 1399 1346 sqq.

170 1357 344 1396 congessit.
379 1355 445 1388 Sed
466 1353 596 1396 Trogus
619 1365 743 1396 quoque
765 1356 914 1387 similiter
936 1365 962 1387 c.
983 1356 1011 1395 7,
1026 1356 1058 1388 8;
1088 1365 1123 1387 se
1145 1356 1242 1388 avida
1268 1364 1399 1395 exspec-

169 1408 221 1437 tat
245 1405 338 1445 Asia,
369 1408 407 1436 ut
432 1405 530 1436 etiam
550 1405 684 1436 vocibus
705 1407 813 1443 vocet,
846 1404 926 1435 adeo
953 1404 1019 1435 illis
1049 1405 1155 1436 odium
1181 1405 1400 1436 Romanorum

168 1454 306 1486 incussit
325 1454 492 1493 rapacitas
512 1453 739 1493 proconsulum
768 1456 839 1491 etc„
866 1453 921 1484 ubi
948 1453 1047 1484 etiam
1067 1462 1183 1484 nomen
1211 1453 1401 1485 collectivae

168 1503 309 1534 notionis
331 1512 400 1534 cum
421 1502 543 1542 plurali
563 1511 696 1533 numero
716 1502 819 1541 ipsius
840 1501 1039 1541 pronominis
1055 1502 1231 1542 cuiusdam,
1254 1502 1339 1541 quod
1360 1502 1402 1533 ad

168 1551 249 1582 illud
270 1551 424 1589 refertur,
446 1551 622 1588 coniunxit,
644 1550 735 1581 cuius
757 1558 913 1589 syneseos
935 1550 1085 1589 exempla
1106 1550 1188 1581 satis
1215 1550 1402 1589 frequentia

169 1600 256 1639 apud
276 1598 469 1630 Sallustium
490 1601 575 1637 sunt,
596 1599 700 1629 velut:
724 1596 797 1629 Cat.
820 1598 867 1636 16,
882 1598 897 1629 1
920 1597 1073 1629 iuventus
1094 1615 1133 1619 —
1154 1607 1194 1629 ex
1214 1598 1292 1638 illis,
1317 1599 1365 1637 17,
1382 1598 1401 1629 7

169 1647 349 1679 coniuratio
372 1666 404 1670 -
430 1647 516 1687 apud
536 1647 625 1685 illos,
652 1646 726 1686 Iug.
748 1646 814 1685 102,
828 1646 847 1678 6
872 1646 1011 1686 populus
1037 1647 1204 1679 Romanus
1225 1665 1263 1669 -
1284 1647 1401 1680 tutius-

169 1706 230 1736 que
250 1697 330 1735 rati,
353 1697 519 1736 complura
540 1697 606 1728 alia
626 1697 690 1728 vid.
712 1705 763 1736 ap.
784 1695 908 1727 Ansch.
930 1705 960 1735 p.
982 1696 1021 1728 22
1042 1699 1077 1727 et
1097 1696 1144 1728 23.

246 1746 322 1777 Huc
349 1754 524 1777 annumero
556 1745 765 1776 attractionis
796 1745 994 1784 pronominis
1027 1746 1276 1777 demonstrativi
1297 1754 1401 1777 exem-

167 1794 269 1834 plum:
290 1794 319 1834 7,
335 1795 372 1826 10
386 1795 454 1832 ,illa
467 1794 587 1826 indicia
597 1794 733 1831 habere,
749 1794 833 1833 quod
846 1793 1034 1833 possideat‘,
1054 1804 1188 1834 quocum
1203 1794 1400 1826 conferenda

167 1844 319 1875 videntur
345 1842 425 1874 Sall.
452 1842 525 1877 Cat.
554 1842 582 1882 7,
596 1843 623 1874 6.
650 1843 698 1881 20,
717 1842 745 1874 4.
771 1843 819 1879 51,
840 1843 886 1874 14.
913 1842 1023 1881 58,16.
1055 1843 1127 1881 Iug.
1154 1843 1200 1878 31,
1217 1843 1261 1874 15.
1290 1842 1400 1882 85‚30.

167 1892 242 1923 hist.
264 1891 282 1921 I
302 1891 350 1929 48,
367 1891 412 1922 12.

245 1939 494 1971 Adiectivorum
526 1942 560 1970 et
591 1939 839 1979 participiorum
870 1947 929 1978 pro
961 1939 1181 1970 substantivis
1211 1938 1401 1978 positorum,

167 1997 250 2028 quae
272 1987 431 2019 Sallustio
452 1988 670 2019 usitatissima
691 1990 768 2019 sunt
789 1987 842 2024 (cf.
864 1987 987 2018 Ansch.
1009 1996 1039 2026 p.
1054 1986 1093 2018 25
1108 1987 1201 2027 sqq),
1222 1995 1328 2027 pauca
1349 1996 1398 2018 re-

165 2037 338 2077 periuntur
360 2036 522 2076 exempla:

245 2086 276 2123 1)
298 2085 430 2117 mascul.
451 2084 574 2124 plural:

242 2134 271 2174 4,
292 2133 325 2165 2:
357 2133 638 2174 impugnantibus;
659 2133 687 2171 5,
710 2133 741 2165 1:
769 2133 928 2165 adversus
955 2141 1076 2165 vacuos
1100 2136 1134 2165 et
1156 2133 1300 2174 quietos;
1322 2133 1350 2169 7.
1365 2134 1396 2166 9:

166 2183 254 2215 solus
275 2182 469 2222 mortalium,
492 2182 531 2214 de
553 2192 614 2221 quo
637 2192 736 2222 supra
758 2182 907 2214 disserui.

240 2310 260 2348 ¹)
280 2308 408 2340 Eandem
429 2310 493 2340 ineo
514 2310 656 2340 rationem
677 2318 762 2349 quam
782 2310 991 2340 Anschuetzius
1011 2310 1033 2342 1.
1055 2310 1074 2341 1.
1096 2320 1123 2350 p.
1143 2311 1169 2348 4,
1191 2311 1239 2351 qui
1260 2309 1398 2351 Draegori

165 2350 388 2389 compositonem
409 2349 439 2388 (1.
460 2350 480 2379 l.
500 2358 527 2388 p.
550 2350 586 2378 14
606 2350 678 2388 sqq.)
703 2349 804 2379 ducem
825 2350 964 2387 sequitur.
