1604 2528
745 5 845 64 svo

192 148 229 184 C.
250 151 299 189 52,
319 150 372 183 33:
393 148 524 190 patriae
540 149 575 194 ⁵b.
596 147 618 179 f.
740 176 744 179 .

191 201 222 233 h.
243 200 262 232 Ι
282 200 331 240 41,
353 199 406 231 19:
429 207 520 230 arma
546 198 587 228 ab
610 213 648 218 —
670 196 704 230 in
725 204 784 227 nos

230 258 339 282 versa.

193 299 230 331 C.
238 299 286 337 39,
297 298 331 329 4:
343 306 448 336 aequa
458 304 555 327 manu
566 294 783 326 discessisset.

192 347 220 379 Ι.
243 346 289 386 13,
311 346 345 378 6:
367 343 694 383 amicosadquirant.

193 395 229 427 O.
244 394 293 434 20,
307 393 338 426 2:
360 393 468 437 virtus
494 395 610 425 vostra
624 394 784 431 spectata.

194 493 221 525 Ι.
242 493 291 532 55,
312 493 345 524 8:
366 500 470 531 neque
493 491 593 523 otium
614 489 694 530 pati.

193 543 221 575 Ι.
243 543 291 581 31,
312 542 345 573 8:
366 541 521 581 quidquid
536 540 606 572 sine
622 539 783 579 sanguine

233 592 356 624 ulcisci.

195 641 223 673 I.
243 641 293 679 40,
313 640 347 672 2:
380 649 420 671 ex
446 656 485 661 -
511 639 635 672 invidia
661 638 787 678 pericu-

234 691 310 722 lum.

195 740 223 772 Ι.
245 740 293 778 94,
314 739 348 771 7:
370 738 510 778 gloriam
531 747 571 769 ex
588 762 614 768 ..
631 762 636 768 .
654 737 788 768 invenit.

196 789 225 822 Ι.
248 789 295 828 17,
317 789 350 819 1:
375 787 514 819 'Africae
547 786 644 818 situm
675 785 789 825 paucis

237 846 410 878 exponere.

197 975 228 1008 h.
251 974 304 1007 IV
324 974 377 1007 20:
399 973 522 1005 Italiae
544 971 690 1005 Siciliam
716 980 788 1003 con-

219 1024 382 1056 ·iunctam
421 1023 523 1054 fuisse
559 1023 703 1058 constat3
739 1022 790 1051 set

236 1072 376 1106 medium
398 1072 539 1112 spatium
565 1073 624 1102 aut
648 1079 708 1110 per
733 1070 790 1101 hu-

237 1123 412 1155 militatem
428 1122 579 1153 obrutum
595 1123 647 1152 est
664 1122 722 1151 aut
732 1128 791 1159 per

240 1171 428 1211 angustiam
450 1170 594 1202 scissum.

200 1221 231 1254 h.
253 1220 312 1253 III
331 1220 371 1252 24
391 1220 550 1252 undarum
571 1218 613 1250 vi.

201 1270 275 1303 add.
289 1269 407 1301 Isidor.
422 1269 503 1308 orig.
518 1267 610 1300 XIII
625 1277 651 1300 c.
668 1267 715 1307 18,
726 1267 744 1299 3
755 1267 791 1305 ¹):

241 1319 422 1351 Sallustius
459 1318 575 1350 scribit
610 1317 721 1349 dicens
752 1334 791 1338 —

243 1369 335 1407 (frgt.
370 1367 423 1400 IV
456 1367 511 1405 20).
548 1384 595 1398 --.
636 1367 683 1398 Et
716 1366 791 1397 inde

234 1413 386 1467 Ῥήγιον
446 1416 655 1455 nominatum,
716 1415 792 1454 quia

244 1466 372 1499 Graece
393 1467 567 1505 abruptum
584 1465 645 1497 hoc
666 1464 793 1496 nomine

243 1517 460 1555 nuncupatur.

1500 160 1597 180 >zum

844 194 876 225 8:
909 190 1036 225 omissis
1056 188 1228 222 Messeniis
1254 196 1346 220 arma
1376 185 1432 219 ad·
1485 192 1488 195 ⁴

883 250 999 275 versus
1019 240 1258 277 —'-·verterant.

844 293 877 323 9:
899 299 1002 330 aequo
1023 289 1135 331 Marte
1152 288 1338 319 discessum.

845 335 896 372 11:
917 340 1028 371 hostes
1049 336 1270 377 adquirerent.

846 390 897 422 12:
920 390 1090 429 spectatae
1111 384 1254 418 virtutis.

846 447 915 478 cap.
936 437 964 468 7.
989 447 1003 469 ἢ

846 487 877 519 1:
900 486 999 518 otium
1020 493 1084 516 non
1105 482 1262 515 tulerunt.

844 536 877 568 4:
899 534 1013 567 ulcisci
1037 534 1162 565 hostem
1190 531 1259 563 sine
1279 530 1425 572 periculo

849 634 881 666 8:
902 633 1079 673 periculum
1101 641 1141 663 ex
1160 630 1292 663 invidia.

851 732 902 763 10:
923 731 1093 762 maximam
1114 729 1250 768 gloriam
1272 728 1407 760 invenit.

850 781 901 812 16:
944 787 1078 819 expono,
1119 778 1158 809 de
1200 776 1332 809 Siciliae
1373 776 1438 808 situ

888 837 994 869 pauca
1015 852 1021 859 .
1044 852 1050 860 .
1073 852 1080 859 .

1065 886 1150 918 liber
1170 885 1232 918 IV.

849 927 865 945 *
888 936 958 967 cap.
980 927 1006 958 1.

851 977 881 1008 1:
924 974 1070 1007 Siciliam
1109 972 1221 1005 ferunt
1263 971 1439 1012 angustius

892 1024 1051 1064 quondam
1071 1023 1220 1054 faucibus
1241 1021 1363 1054 Italiae
1384 1021 1439 1053 ad-

890 1074 1038 1106 haesisse
1070 1072 1325 1112 diremptamque
1347 1070 1441 1103 velut

893 1133 912 1155 a
923 1131 1059 1163 corpore
1069 1121 1191 1154 maiore
1201 1121 1324 1162 impetu
1330 1120 1442 1161 superi

890 1172 999 1204 maris.

852 1222 1013 1253 undarum
1034 1229 1142 1252 onere.

852 1271 885 1303 7':
907 1270 1094 1302 Proximum
1115 1268 1236 1302 Italiae
1257 1270 1442 1309 promunto-

891 1320 974 1352 rium
988 1319 1127 1358 Regium
1141 1319 1270 1358 dicitur,
1281 1318 1354 1349 ideo
1366 1317 1443 1356 quia

892 1368 1020 1400 Graece
1041 1367 1202 1408 ,abrupta‘
1229 1367 1291 1398 hoc
1315 1366 1443 1398 nomine

890 1416 1155 1458 pronuntiantur.

284 1564 377 1605 Quae
391 1564 494 1596 verba
514 1563 687 1604 Isidorum,
709 1574 772 1597 non
788 1564 981 1598 Sallustium
993 1573 1109 1605 sapere
1123 1563 1276 1597 Kritzius
1298 1563 1440 1596 animad-

204 1615 320 1651 vertit;
343 1616 459 1644 contra
479 1613 650 1644 Dietschio
673 1623 712 1644 ex
742 1614 809 1645 illis
831 1614 941 1645 verbis
972 1616 1122 1653 apertum
1153 1615 1213 1651 est,
1245 1611 1439 1644 Sallustium

207 1663 307 1694 etiam
329 1661 368 1693 de
395 1660 613 1700 originatione
639 1662 776 1694 nominis
795 1653 947 1707 Ῥήγιον
968 1662 1098 1701 dixisse,
1120 1661 1178 1693 sed
1199 1669 1260 1701 quo
1275 1669 1398 1692 conexu
1411 1660 1446 1693 id

205 1721 275 1745 eum
296 1711 434 1751 reliquis
455 1710 566 1749 fuerit,
593 1714 683 1743 certo
711 1712 868 1745 constitui
893 1720 989 1752 posse
1011 1710 1139 1750 diffidit,
1167 1711 1218 1742 cui
1238 1719 1336 1751 porro
1357 1710 1446 1742 haud

205 1761 350 1793 absurda
370 1760 451 1791 haec
472 1760 604 1792 videtur
630 1761 781 1799 suspicio,
807 1760 1029 1801 praecessisse
1055 1759 1137 1791 illud
1157 1759 1269 1791 verbis
1290 1758 1343 1791 IV
1363 1758 1404 1790 20
1425 1767 1445 1790 a

205 1809 321 1842 Servio
362 1808 484 1847 allatis,
523 1811 558 1839 et
582 1817 687 1848 paene
714 1813 839 1841 certum
879 1809 1011 1841 videtur
1032 1807 1226 1848 ‚abruptum‘
1249 1808 1290 1839 ab
1314 1806 1444 1839 Isidoro

205 1857 406 1890 translatum
428 1865 509 1888 esse.
551 1856 665 1896 Neque
688 1857 836 1897 equidem
857 1857 953 1889 credo
975 1858 1036 1889 hoc
1056 1857 1127 1888 loco
1151 1858 1193 1889 ad
1213 1856 1319 1895 Trogi
1339 1855 1444 1887 imita·

204 1906 288 1938 toris
310 1908 475 1943 tamquam
495 1905 611 1936 medici
625 1906 778 1937 arcessiti
798 1914 928 1937 manum
942 1904 1136 1938 Sallustium
1149 1905 1335 1937 mutilatum
1348 1912 1445 1945 posse

206 1953 340 1987 restitui
362 1963 382 1986 a
402 1953 687 1985 verisimilitudine
709 1954 897 1987 abhorrere.

207 2004 238 2036 h.
259 2003 312 2036 IV
332 2003 385 2035 21:
406 2003 521 2043 procul
537 2004 730 2036 visentibus.

205 2053 236 2085 h.
258 2052 317 2084 III
337 2052 376 2084 67
397 2052 456 2083 eol.
478 2052 526 2090 II,
547 2053 574 2084 5.

859 2004 887 2037 9.
908 2004 1023 2045 procul
1044 2004 1236 2037 visentibus.

204 2102 284 2144 frgt.
315 2101 368 2136 IV
398 2101 434 2134 21
469 2111 509 2134 ex
530 2102 648 2135 Isidor.
679 2102 742 2136 1.1.
774 2107 947 2146 sumptum:

247 2151 392 2192 Scyllam
423 2152 558 2183 adcolae
580 2161 693 2184 saxum
717 2153 801 2185 mari

244 2200 405 2233 inminens
418 2200 587 2240 adpellant
598 2209 711 2233 saxum
718 2201 799 2234 cele·

285 2300 307 2342 ¹)
332 2306 411 2340 corp.
431 2301 506 2339 grtc.
527 2297 579 2333 lat.
598 2298 647 2332 111
665 2306 694 2340 p.
714 2298 770 2333 426
791 2297 836 2333 ed.
856 2296 1045 2333 Lindemann.
