1604 2528
789 50 831 83 12

185 162 328 203 undique
357 162 407 195 sui
433 164 579 204 perfecte
606 164 767 203 absoluta,
794 168 831 197 ut
856 164 890 196 in
910 164 968 196 illa
988 172 1093 204 neque
1114 163 1199 196 Cato
1220 162 1423 230 gravitatem

183 212 361 251 requirat.
414 222 503 244 .nec
523 213 754 253 parsimoniam
776 213 964 245 Sallustius.

263 238 431 300 Spartian.
452 261 616 293 Hadrian.
640 262 676 294 16
700 262 826 302 (script
858 262 933 294 hist.
959 261 1136 300 Augustae
1162 261 1210 293 ed.
1232 241 1368 294 Jordan
1386 263 1423 295 et

184 309 448 349 Eyssenhardt):
479 309 672 342 Hadrianus
706 336 712 342 .
740 336 746 342 .
770 336 776 342 .
800 310 921 342 amovit
950 318 1054 349 genus
1085 311 1251 341 vetustum
1281 303 1426 345 dicendi..

185 358 336 389 Ciceroni
358 357 526 396 Catonem,
548 358 700 398 Vergilio
721 359 872 397 Ennium,
899 358 1058 390 Sallustio
1080 357 1227 389 Coelium
1251 348 1428 397 praetulit:

264 424 298 428 —
322 406 434 438 Sever.
448 406 501 438 21:
533 406 586 437 hic
606 406 688 438 nihil
702 406 878 438 liberorum
892 406 1063 446 reliquit..
1116 405 1169 438 J
1171 414 1221 437 am
1242 414 1322 438 vero
1343 400 1423 445 quic}
1453 440 1474 443 ..

184 455 223 486 de
244 455 398 491 Homero.
429 455 663 493 Demosthene,
695 455 857 494 Vergilio,
890 455 1007 495 Crispo
1030 480 1036 487 .
1059 480 1065 486 .
1087 430 1284 494 ,loquar?.
1335 455 1421 494 qui
1466 452 1479 478 ’ἓ

187 503 313 542 quidem
336 503 478 535 divinam
500 502 652 534 Sallustii
677 503 867 542 orationem,
895 512 958 543 qua
977 503 1115 543 Micipsa
1133 502 1219 534 filios
1245 502 1288 534 ad
1307 510 1420 542 pacem
1462 507 1468 508 ⁷

183 552 348 591 hortatur,
369 552 566 591 ingravatus
587 552 699 583 morbo
720 552 849 584 misisse
869 552 935 584 filio
957 552 1078 584 dicitur
1097 551 1222 583 maiori.
1471 595 1474 596 .

266 618 304 622 —
327 600 504 640 Capitolin.
526 599 656 631 Maxim.
679 603 713 631 et
733 600 864 631 Balbin.
885 601 919 631 7:
940 601 1090 640 Denique
1120 598 1184 631 non
1214 599 1296 631 nulli
1326 606 1420 639 quem

183 648 224 680 ad
256 649 383 681 modum
415 649 575 680 Catonem
607 651 639 679 et
672 647 850 680 Caesarem
872 648 1050 681 Sallustius
1083 651 1252 688 comparat
1281 648 1330 680 ita
1359 647 1419 680 hos
1476 646 1482 650 '

184 706 309 736 quoque
332 697 566 736 comparandos
587 699 757 736 putarunt.

260 745 392 784 Vopisc.
415 744 588 776 Aurelian.
609 745 643 776 2:
675 754 725 776 me
751 748 867 777 contra
889 745 1017 778 dicente
1045 746 1202 777 neminem
1224 745 1419 786 scriptorum

182 797 337 832 quantum
360 793 402 824 ad
414 793 594 828 ,historiam
619 793 774 832 pertinet,
801 802 866 824 non
893 793 1016 832 aliquid
1042 802 1114 825 esse
1139 794 1320 830 mentitum,
1345 802 1418 833 pro-

186 842 284 872 dente
307 842 383 881 quin
405 842 513 880 etiam,
526 841 569 872 =in
584 850 646 880 quo
660 841 786 880 Livius,
807 842 840 873 in
863 850 925 881 quo
947 841 1126 873 Sallustius
1148 866 1155 873 .
1178 867 1184 873 .
1206 841 1343 874 Tacitus
1365 867 1372 873 .
1388 867 1394 873 .
1411 866 1418 874 .

182 889 313 929 Trogus
334 890 517 921 manifestis
544 890 685 921 testibus
707 890 988 921 convincerentur.
1015 914 1021 921 .
1044 914 1051 921 .
1073 915 1079 921 .
1106 890 1346 922 mendaciorum
1367 899 1417 921 co-

181 938 286 976 mites,
309 947 388 977 quos
410 937 589 968 historicae
611 938 816 977 eloquentiae
837 938 993 969 miramur
1014 941 1174 970 auctores.

263 1003 298 1007 —
321 986 419 1018 Prob.
441 986 476 1017 1:
506 985 641 1018 Certum
663 989 715 1018 est
735 986 819 1025 quod
842 984 1180 1026 Sallustiuscrispus
1202 987 1351 1026 quodque
1371 986 1414 1018 M.
1430 986 1441 993 ⁹

182 1033 267 1066 Cato
289 1038 323 1067 et
345 1034 473 1068 Gellius
494 1035 644 1067 historici
666 1034 850 1067 sententiae
876 1035 969 1066 modo
994 1034 1028 1067 in
1057 1035 1190 1067 litteras
1216 1030 1419 1068 rettulerunt

181 1092 290 1114 omnes
313 1084 452 1115 omniurn
473 1084 617 1115 virtutes
639 1087 751 1114 tantas
773 1092 856 1121 esse,
883 1086 1023 1122 quantas
1045 1084 1151 1115 videri
1173 1093 1230 1115 eas
1251 1085 1417 1116 voluerint

180 1139 291 1162 eorum
312 1131 456 1170 ingenia,
479 1131 534 1170 qui
554 1131 650 1162 unius
672 1130 826 1170 cuiusque
848 1130 939 1162 facta
959 1131 1204 1171 descripserint.

261 1196 299 1201 ——
320 1180 362 1211 ib.
385 1180 417 1211 2:
452 1183 486 1211 et
517 1179 596 1211 mihi
627 1179 754 1218 quidem
785 1179 819 1210 id
850 1179 948 1211 animi
977 1179 1041 1210 fuit
1070 1189 1135 1211 non
1165 1183 1203 1211 ut
1233 1179 1419 1221 Sallustios,

181 1227 306 1266 Livios,
329 1228 473 1266 Tacit0s‚
495 1228 625 1266 Trogos
640 1231 738 1266 atque
760 1237 869 1258 omnes
891 1228 1141 1259 dissertissimos
1161 1228 1309 1259 imitarer
1329 1229 1419 1260 viros

178 1275 213 1306 in
234 1275 305 1306 vita
325 1274 508 1314 principum
529 1277 563 1306 et
584 1274 784 1314 temporibus
806 1274 1017 1306 disserendis.

262 1340 296 1345 —-
318 1323 419 1354 Firm.
441 1324 474 1354 6:
497 1332 568 1354 cum
589 1326 623 1353 et
643 1322 760 1354 Livius
782 1325 816 1354 et
837 1321 1016 1354 Sallustius
1037 1326 1171 1355 taceant
1190 1333 1245 1355 res
1266 1324 1357 1355 leves
1378 1323 1418 1356 de
1474 1318 1476 1320 ’

177 1370 238 1410 his,
260 1379 395 1409 quorum
415 1371 517 1402 vitam
538 1370 757 1410 arripuerunt.

257 1419 355 1451 Marii
375 1419 476 1450 Plotii
498 1417 667 1450 Sacerdot.
698 1421 760 1449 art.
786 1421 870 1457 grtc.
895 1418 913 1449 Ι
946 1418 1045 1457 (grtc.
1065 1419 1123 1450 lat.
1150 1418 1202 1451 VI
1222 1428 1253 1460 p.
1279 1419 1347 1459 457,
1379 1420 1415 1451 31

179 1467 227 1499 ed.
249 1468 358 1506 Keil):
389 1467 522 1499 tertium
548 1467 767 1499 anacoluthon
787 1470 840 1498 est
865 1476 936 1499 cum
957 1467 1073 1506 oratio,
1098 1467 1132 1498 in
1147 1476 1230 1506 quae
1244 1470 1279 1498 et
1299 1477 1417 1507 ,quam-

179 1517 283 1556 quam‘
315 1519 349 1547 et
381 1516 509 1554 ,tamen'
538 1515 718 1546 necessarii
750 1515 817 1547 sint
838 1515 900 1546 duo
922 1515 1033 1554 verba,
1065 1516 1188 1546 nullum
1219 1515 1350 1555 habeat,
1380 1518 1418 1547 ut

178 1567 299 1606 ‚Marco
318 1565 444 1605 Lepido
464 1574 534 1597 cum
557 1565 703 1596 omnibus
725 1564 825 1603 copiis
840 1564 942 1595 Italia
963 1565 1056 1604 pulso
1079 1564 1230 1604 segnior.‘

263 1632 298 1636 —
321 1624 351 1654 p.
372 1614 440 1652 470,
464 1614 514 1644 13;
537 1613 658 1644 exoche
681 1612 823 1643 secunda
847 1615 908 1650 est,
937 1621 1008 1643 eum
1023 1612 1084 1643 duo
1104 1613 1234 1643 nomina
1259 1613 1417 1652 specialia

178 1666 346 1703 ponuntur
373 1665 408 1693 et
434 1662 483 1693 sic
507 1661 653 1693 eminens
679 1660 785 1692 oratio
801 1658 851 1691 ‘ad
871 1660 1030 1699 generale
1054 1669 1169 1692 nomen
1196 1661 1353 1701 ascendit,
1380 1663 1425 1692 ut
1449 1691 1452 1692 γ

178 1715 231 1743 est
252 1711 469 1751 ‚probitatem
491 1709 686 1741 industriam
709 1712 903 1747 ceterasque
924 1709 1027 1741 bonas
1049 1708 1165 1740 artes!-

257 1776 289 1781 ῆ-
313 1769 344 1800 p.
361 1759 429 1796 470,
453 1758 503 1789 16:
526 1758 647 1789 exoche
659 1757 761 1788 tertia
776 1774 815 1778 -—
829 1766 893 1788 uno
908 1760 1036 1788 tantum
1050 1757 1143 1788 modo
1160 1757 1272 1789 addito
1287 1757 1415 1788 nomine

177 1808 313 1849 speciali
345 1810 422 1838 ante
459 1806 648 1845 generalem
680 1806 948 1850 appellationem,
974 1808 1011 1836 ut
1038 1808 1090 1837 est
1116 1804 1319 1845 ,Hipponem,
1345 1804 1415 1837 Ad-

178 1861 348 1894 rumetum,
370 1856 493 1894 Leptin
515 1858 707 1893 ceterasque
729 1855 901 1887 civitates!
1450 1881 1454 1883 Δ

256 1906 410 1937 Lactant.
432 1904 537 1947 instit.
564 1903 627 1935 div.
654 1903 709 1934 lib.
736 1902 774 1934 II
797 1903 834 1934 12
867 1902 910 1943 (p.
934 1903 987 1935 101
1011 1903 1088 1934 bibl.
1112 1905 1198 1943 patr.
1220 1903 1335 1935 eccles.
1356 1902 1416 1934 lat.

176 1954 224 1987 ed.
248 1953 438 1992 Gersdorf):
456 1953 665 1984 —hominem
686 1961 824 1991 nequam
839 1951 1042 1992 Sallustium,
1064 1953 1119 1992 qui
1138 1952 1200 1984 ait:
1222 1952 1281 1984 sed
1301 1955 1416 1985 nostra

176 2003 279 2034 omnis
300 2002 351 2033 vis
373 2004 434 2032 etc.
471 2001 585 2038 Recte,
607 2001 635 2031 si
649 2001 698 2031 ita
711 2001 859 2037 vixisset,
880 2003 918 2031 ut
931 2001 1060 2031 locutus
1075 2003 1135 2031 est.
1169 1999 1317 2031 Servivit
1330 2000 1414 2032 enim

173 2048 371 2082 foedissimis
392 2049 619 2088 voluptatibus
643 2057 798 2088 suamque
819 2049 889 2088 ipse
918 2048 1115 2080 sententiam
1136 2049 1226 2081 vitae
1246 2048 1416 2089 pravitate

176 2099 338 2131 dissolvit.

252 2163 291 2168 ——
311 2146 370 2178 ΙΙΙ
391 2146 429 2177 29
449 2156 479 2186 p.
504 2145 579 2177 167:
603 2161 638 2167 -
660 2147 794 2176 fortuna
814 2146 1028 2178 humanarum
1053 2156 1163 2179 rerum
1188 2146 1335 2185 regimen
1361 2145 1415 2177 ob-

174 2196 289 2229 tineat.
333 2195 395 2228 Cui
422 2194 564 2235 opinioni
591 2195 734 2227 assensit
759 2197 794 2227 et
821 2194 1025 2235 [Sallustius]
1052 2195 1239 2235 historicus,
1267 2195 1323 2236 qui
1349 2194 1411 2228 ait:

174 2246 232 2279 sed
252 2244 401 2286 profecto
422 2244 556 2277 fortuna
577 2246 638 2276 etc.
