<?xml version="1.0" encoding="UTF-8"?>
<!DOCTYPE html PUBLIC "-//W3C//DTD XHTML 1.0 Transitional//EN"
    "http://www.w3.org/TR/xhtml1/DTD/xhtml1-transitional.dtd">
<html xmlns="http://www.w3.org/1999/xhtml" xml:lang="en" lang="en">
 <head>
  <title>
</title>
<meta http-equiv="Content-Type" content="text/html;charset=utf-8" />
  <meta name='ocr-system' content='tesseract 3.04.00' />
  <meta name='ocr-capabilities' content='ocr_page ocr_carea ocr_par ocr_line ocrx_word'/>
</head>
<body>
  <div class='ocr_page' id='page_1' title='image "4737409_0062.png"; bbox 0 0 1604 2528; ppageno 0'>
   <div class='ocr_carea' id='block_1_1' title="bbox 0 0 457 842">
    <p class='ocr_par' dir='ltr' id='par_1_1' title="bbox 0 0 457 842">
     <span class='ocr_line' id='line_1_1' title="bbox 0 0 457 842; baseline 0 -631"><span class='ocrx_word' id='word_1_1' title='bbox 0 0 457 842; x_wconf 95' lang='lat' dir='ltr'><strong>    </strong></span> 
     </span>
    </p>
   </div>
   <div class='ocr_carea' id='block_1_2' title="bbox 0 1400 47 2528">
    <p class='ocr_par' dir='ltr' id='par_1_2' title="bbox 0 1400 47 2528">
     <span class='ocr_line' id='line_1_2' title="bbox 0 1400 47 2528; baseline 0 0"><span class='ocrx_word' id='word_1_2' title='bbox 0 1400 47 2528; x_wconf 95' lang='lat' dir='ltr'><strong> </strong></span> 
     </span>
    </p>
   </div>
   <div class='ocr_carea' id='block_1_3' title="bbox 777 120 819 156">
    <p class='ocr_par' dir='ltr' id='par_1_3' title="bbox 777 120 819 156">
     <span class='ocr_line' id='line_1_3' title="bbox 777 120 819 156; baseline 0 0"><span class='ocrx_word' id='word_1_3' title='bbox 777 120 819 156; x_wconf 82' lang='lat'><strong>53</strong></span> 
     </span>
    </p>
   </div>
   <div class='ocr_carea' id='block_1_4' title="bbox 680 169 914 176">
    <p class='ocr_par' dir='ltr' id='par_1_4' title="bbox 680 169 914 176">
     <span class='ocr_line' id='line_1_4' title="bbox 680 169 914 176; baseline 0 2352"><span class='ocrx_word' id='word_1_4' title='bbox 680 169 914 176; x_wconf 95' lang='lat' dir='ltr'><strong> </strong></span> 
     </span>
    </p>
   </div>
   <div class='ocr_carea' id='block_1_5' title="bbox 183 232 1430 2063">
    <p class='ocr_par' dir='ltr' id='par_1_5' title="bbox 183 232 1415 516">
     <span class='ocr_line' id='line_1_5' title="bbox 183 232 1411 275; baseline -0.002 -8"><span class='ocrx_word' id='word_1_5' title='bbox 183 244 253 267; x_wconf 89' lang='lat' dir='ltr'><strong>cum</strong></span> <span class='ocrx_word' id='word_1_6' title='bbox 285 232 391 267; x_wconf 74' lang='lat' dir='ltr'><strong>studio</strong></span> <span class='ocrx_word' id='word_1_7' title='bbox 422 236 616 274; x_wconf 79' lang='lat' dir='ltr'><strong>retulerant,</strong></span> <span class='ocrx_word' id='word_1_8' title='bbox 648 237 853 275; x_wconf 85' lang='lat' dir='ltr'><strong>quamobrem</strong></span> <span class='ocrx_word' id='word_1_9' title='bbox 883 245 994 267; x_wconf 89' lang='lat' dir='ltr'><strong>eorum</strong></span> <span class='ocrx_word' id='word_1_10' title='bbox 1021 245 1122 275; x_wconf 89' lang='lat' dir='ltr'><strong>opera</strong></span> <span class='ocrx_word' id='word_1_11' title='bbox 1141 235 1263 267; x_wconf 89' lang='lat' dir='ltr'><strong>nullius</strong></span> <span class='ocrx_word' id='word_1_12' title='bbox 1285 233 1411 266; x_wconf 83' lang='lat' dir='ltr'><strong>omuino</strong></span> 
     </span>
     <span class='ocr_line' id='line_1_6' title="bbox 183 283 1413 324; baseline -0.001 -8"><span class='ocrx_word' id='word_1_13' title='bbox 183 284 282 324; x_wconf 88' lang='lat' dir='ltr'><strong>pretii</strong></span> <span class='ocrx_word' id='word_1_14' title='bbox 302 287 394 316; x_wconf 85' lang='lat' dir='ltr'><strong>ratos</strong></span> <span class='ocrx_word' id='word_1_15' title='bbox 415 293 519 324; x_wconf 90' lang='lat' dir='ltr'><strong>neque</strong></span> <span class='ocrx_word' id='word_1_16' title='bbox 540 283 732 317; x_wconf 80' lang='lat' dir='ltr'>Sallustium</span> <span class='ocrx_word' id='word_1_17' title='bbox 752 293 856 324; x_wconf 88' lang='lat' dir='ltr'><strong>neque</strong></span> <span class='ocrx_word' id='word_1_18' title='bbox 870 284 1223 324; x_wconf 78' lang='lat' dir='ltr'><strong>Trogum-adhibuisse</strong></span> <span class='ocrx_word' id='word_1_19' title='bbox 1236 283 1413 316; x_wconf 86' lang='lat' dir='ltr'><strong>verisimile</strong></span> 
     </span>
     <span class='ocr_line' id='line_1_7' title="bbox 184 332 1412 372; baseline -0.002 -8"><span class='ocrx_word' id='word_1_20' title='bbox 184 336 245 371; x_wconf 87' lang='lat' dir='ltr'><strong>est,</strong></span> <span class='ocrx_word' id='word_1_21' title='bbox 266 335 309 372; x_wconf 88' lang='lat' dir='ltr'><strong>et,</strong></span> <span class='ocrx_word' id='word_1_22' title='bbox 330 334 415 372; x_wconf 84' lang='lat' dir='ltr'><strong>quod</strong></span> <span class='ocrx_word' id='word_1_23' title='bbox 435 342 545 364; x_wconf 87' lang='lat' dir='ltr'><strong>eorum</strong></span> <span class='ocrx_word' id='word_1_24' title='bbox 565 333 719 364; x_wconf 88' lang='lat' dir='ltr'><strong>memoria</strong></span> <span class='ocrx_word' id='word_1_25' title='bbox 738 342 843 372; x_wconf 88' lang='lat' dir='ltr'><strong>paene</strong></span> <span class='ocrx_word' id='word_1_26' title='bbox 863 335 936 364; x_wconf 89' lang='lat' dir='ltr'><strong>tota</strong></span> <span class='ocrx_word' id='word_1_27' title='bbox 957 333 1105 371; x_wconf 81' lang='lat' dir='ltr'><strong>deperiit,</strong></span> <span class='ocrx_word' id='word_1_28' title='bbox 1126 332 1215 363; x_wconf 89' lang='lat' dir='ltr'><strong>haud</strong></span> <span class='ocrx_word' id='word_1_29' title='bbox 1234 332 1284 363; x_wconf 89' lang='lat' dir='ltr'><strong>ita</strong></span> <span class='ocrx_word' id='word_1_30' title='bbox 1304 332 1412 363; x_wconf 89' lang='lat' dir='ltr'><strong>dolen-</strong></span> 
     </span>
     <span class='ocr_line' id='line_1_8' title="bbox 185 379 1414 419; baseline -0.002 -7"><span class='ocrx_word' id='word_1_31' title='bbox 185 380 258 411; x_wconf 90' lang='lat' dir='ltr'><strong>dum</strong></span> <span class='ocrx_word' id='word_1_32' title='bbox 284 389 356 412; x_wconf 88' lang='lat' dir='ltr'><strong>esse</strong></span> <span class='ocrx_word' id='word_1_33' title='bbox 376 381 536 412; x_wconf 81' lang='lat' dir='ltr'><strong>videatur.</strong></span> <span class='ocrx_word' id='word_1_34' title='bbox 576 380 641 412; x_wconf 82' lang='lat' dir='ltr'><strong>Est</strong></span> <span class='ocrx_word' id='word_1_35' title='bbox 669 381 774 419; x_wconf 85' lang='lat' dir='ltr'><strong>igitur</strong></span> <span class='ocrx_word' id='word_1_36' title='bbox 803 380 886 411; x_wconf 91' lang='lat' dir='ltr'>nihil</span> <span class='ocrx_word' id='word_1_37' title='bbox 916 388 1020 418; x_wconf 86' lang='lat' dir='ltr'><strong>neque</strong></span> <span class='ocrx_word' id='word_1_38' title='bbox 1046 389 1165 411; x_wconf 86' lang='lat' dir='ltr'><strong>causae</strong></span> <span class='ocrx_word' id='word_1_39' title='bbox 1191 388 1295 418; x_wconf 90' lang='lat' dir='ltr'><strong>neque</strong></span> <span class='ocrx_word' id='word_1_40' title='bbox 1321 379 1414 416; x_wconf 85' lang='lat' dir='ltr'><strong>certi,</strong></span> 
     </span>
     <span class='ocr_line' id='line_1_9' title="bbox 186 427 1415 468; baseline -0.002 -8"><span class='ocrx_word' id='word_1_41' title='bbox 186 437 247 468; x_wconf 89' lang='lat' dir='ltr'><strong>quo</strong></span> <span class='ocrx_word' id='word_1_42' title='bbox 270 428 342 468; x_wconf 87' lang='lat' dir='ltr'><strong>quis</strong></span> <span class='ocrx_word' id='word_1_43' title='bbox 362 429 560 460; x_wconf 87' lang='lat' dir='ltr'><strong>senteutiam</strong></span> <span class='ocrx_word' id='word_1_44' title='bbox 581 437 684 460; x_wconf 89' lang='lat' dir='ltr'><strong>meam</strong></span> <span class='ocrx_word' id='word_1_45' title='bbox 704 428 897 468; x_wconf 81' lang='lat' dir='ltr'><strong>impugnare</strong></span> <span class='ocrx_word' id='word_1_46' title='bbox 918 427 1037 467; x_wconf 88' lang='lat' dir='ltr'><strong>possit;</strong></span> <span class='ocrx_word' id='word_1_47' title='bbox 1059 430 1093 459; x_wconf 89' lang='lat' dir='ltr'><strong>et</strong></span> <span class='ocrx_word' id='word_1_48' title='bbox 1107 427 1239 459; x_wconf 82' lang='lat' dir='ltr'><strong>missam</strong></span> <span class='ocrx_word' id='word_1_49' title='bbox 1258 427 1415 459; x_wconf 87' lang='lat' dir='ltr'><strong>faciamus</strong></span> 
     </span>
     <span class='ocr_line' id='line_1_10' title="bbox 184 475 1214 516; baseline -0.002 -7"><span class='ocrx_word' id='word_1_50' title='bbox 184 478 269 509; x_wconf 86' lang='lat' dir='ltr'><strong>hanc</strong></span> <span class='ocrx_word' id='word_1_51' title='bbox 290 477 521 516; x_wconf 84' lang='lat' dir='ltr'><strong>quaestionem,</strong></span> <span class='ocrx_word' id='word_1_52' title='bbox 542 476 622 514; x_wconf 84' lang='lat' dir='ltr'><strong>cum,</strong></span> <span class='ocrx_word' id='word_1_53' title='bbox 645 476 729 515; x_wconf 91' lang='lat' dir='ltr'><strong>quod</strong></span> <span class='ocrx_word' id='word_1_54' title='bbox 749 475 913 507; x_wconf 83' lang='lat' dir='ltr'><strong>offendere</strong></span> <span class='ocrx_word' id='word_1_55' title='bbox 934 476 1048 515; x_wconf 79' lang='lat' dir='ltr'>possit,</span> <span class='ocrx_word' id='word_1_56' title='bbox 1070 476 1214 507; x_wconf 81' lang='lat' dir='ltr'><strong>desierit.</strong></span> 
     </span>
    </p>

    <p class='ocr_par' dir='ltr' id='par_1_6' title="bbox 186 522 1430 2063">
     <span class='ocr_line' id='line_1_11' title="bbox 264 522 1417 564; baseline -0.002 -7"><span class='ocrx_word' id='word_1_57' title='bbox 264 524 315 557; x_wconf 87' lang='lat' dir='ltr'><strong>Ne</strong></span> <span class='ocrx_word' id='word_1_58' title='bbox 334 533 413 556; x_wconf 85' lang='lat' dir='ltr'><strong>vero</strong></span> <span class='ocrx_word' id='word_1_59' title='bbox 435 524 605 563; x_wconf 87' lang='lat' dir='ltr'><strong>quisquam</strong></span> <span class='ocrx_word' id='word_1_60' title='bbox 626 524 703 555; x_wconf 86' lang='lat' dir='ltr'><strong>mihi</strong></span> <span class='ocrx_word' id='word_1_61' title='bbox 724 523 867 562; x_wconf 87' lang='lat' dir='ltr'><strong>obiiciat,</strong></span> <span class='ocrx_word' id='word_1_62' title='bbox 889 522 1092 563; x_wconf 78' lang='lat' dir='ltr'>Sallustium,</span> <span class='ocrx_word' id='word_1_63' title='bbox 1113 527 1228 564; x_wconf 90' lang='lat' dir='ltr'><strong>utpote</strong></span> <span class='ocrx_word' id='word_1_64' title='bbox 1249 523 1313 563; x_wconf 83' lang='lat' dir='ltr'><strong>qui,</strong></span> <span class='ocrx_word' id='word_1_65' title='bbox 1335 532 1417 563; x_wconf 90' lang='lat' dir='ltr'><strong>quae</strong></span> 
     </span>
     <span class='ocr_line' id='line_1_12' title="bbox 186 571 1418 613; baseline -0.002 -6"><span class='ocrx_word' id='word_1_66' title='bbox 186 574 221 606; x_wconf 94' lang='lat' dir='ltr'><strong>in</strong></span> <span class='ocrx_word' id='word_1_67' title='bbox 241 577 384 606; x_wconf 87' lang='lat' dir='ltr'><strong>aetatem</strong></span> <span class='ocrx_word' id='word_1_68' title='bbox 404 573 509 613; x_wconf 82' lang='lat' dir='ltr'><strong>ipsam</strong></span> <span class='ocrx_word' id='word_1_69' title='bbox 528 571 727 610; x_wconf 79' lang='lat' dir='ltr'><strong>incidebant,</strong></span> <span class='ocrx_word' id='word_1_70' title='bbox 746 572 938 612; x_wconf 83' lang='lat' dir='ltr'><strong>prodiderit,</strong></span> <span class='ocrx_word' id='word_1_71' title='bbox 960 574 1037 604; x_wconf 86' lang='lat' dir='ltr'><strong>acta</strong></span> <span class='ocrx_word' id='word_1_72' title='bbox 1055 572 1199 604; x_wconf 82' lang='lat' dir='ltr'><strong>fortasse</strong></span> <span class='ocrx_word' id='word_1_73' title='bbox 1221 572 1338 604; x_wconf 87' lang='lat' dir='ltr'><strong>diurna</strong></span> <span class='ocrx_word' id='word_1_74' title='bbox 1363 581 1418 612; x_wconf 93' lang='lat' dir='ltr'><strong>po-</strong></span> 
     </span>
     <span class='ocr_line' id='line_1_13' title="bbox 187 620 1419 661; baseline -0.002 -8"><span class='ocrx_word' id='word_1_75' title='bbox 187 622 256 661; x_wconf 86' lang='lat' dir='ltr'><strong>puli</strong></span> <span class='ocrx_word' id='word_1_76' title='bbox 285 622 319 653; x_wconf 92' lang='lat' dir='ltr'><strong>in</strong></span> <span class='ocrx_word' id='word_1_77' title='bbox 345 630 438 652; x_wconf 89' lang='lat' dir='ltr'><strong>suum</strong></span> <span class='ocrx_word' id='word_1_78' title='bbox 467 620 679 652; x_wconf 79' lang='lat' dir='ltr'><strong>transtulisse</strong></span> <span class='ocrx_word' id='word_1_79' title='bbox 710 629 791 659; x_wconf 88' lang='lat' dir='ltr'><strong>opus</strong></span> <span class='ocrx_word' id='word_1_80' title='bbox 821 620 1011 651; x_wconf 90' lang='lat' dir='ltr'><strong>historicum</strong></span> <span class='ocrx_word' id='word_1_81' title='bbox 1037 629 1077 651; x_wconf 88' lang='lat' dir='ltr'><strong>ex</strong></span> <span class='ocrx_word' id='word_1_82' title='bbox 1107 620 1212 660; x_wconf 87' lang='lat' dir='ltr'><strong>iisque</strong></span> <span class='ocrx_word' id='word_1_83' title='bbox 1245 620 1419 659; x_wconf 85' lang='lat' dir='ltr'><strong>epistulam</strong></span> 
     </span>
     <span class='ocr_line' id='line_1_14' title="bbox 186 668 1420 709; baseline -0.002 -8"><span class='ocrx_word' id='word_1_84' title='bbox 186 669 389 701; x_wconf 86' lang='lat' dir='ltr'><strong>Mithridatis</strong></span> <span class='ocrx_word' id='word_1_85' title='bbox 420 668 606 708; x_wconf 78' lang='lat' dir='ltr'><strong>sumpsisse,</strong></span> <span class='ocrx_word' id='word_1_86' title='bbox 638 676 710 698; x_wconf 91' lang='lat' dir='ltr'><strong>eum</strong></span> <span class='ocrx_word' id='word_1_87' title='bbox 740 668 895 700; x_wconf 91' lang='lat' dir='ltr'><strong>monitum</strong></span> <span class='ocrx_word' id='word_1_88' title='bbox 925 668 1032 707; x_wconf 89' lang='lat' dir='ltr'><strong>velim,</strong></span> <span class='ocrx_word' id='word_1_89' title='bbox 1062 678 1251 709; x_wconf 88' lang='lat' dir='ltr'><strong>perversam</strong></span> <span class='ocrx_word' id='word_1_90' title='bbox 1282 677 1355 700; x_wconf 84' lang='lat' dir='ltr'><strong>esse</strong></span> <span class='ocrx_word' id='word_1_91' title='bbox 1386 672 1420 699; x_wconf 87' lang='lat' dir='ltr'><strong>et</strong></span> 
     </span>
     <span class='ocr_line' id='line_1_15' title="bbox 186 715 1420 758; baseline -0.002 -7"><span class='ocrx_word' id='word_1_92' title='bbox 186 727 323 758; x_wconf 85' lang='lat' dir='ltr'><strong>pravam</strong></span> <span class='ocrx_word' id='word_1_93' title='bbox 348 718 449 749; x_wconf 86' lang='lat' dir='ltr'><strong>talem</strong></span> <span class='ocrx_word' id='word_1_94' title='bbox 475 717 664 756; x_wconf 86' lang='lat' dir='ltr'><strong>opinionem.</strong></span> <span class='ocrx_word' id='word_1_95' title='bbox 705 715 790 749; x_wconf 84' lang='lat' dir='ltr'><strong>Nam</strong></span> <span class='ocrx_word' id='word_1_96' title='bbox 811 716 938 749; x_wconf 84' lang='lat' dir='ltr'><strong>Caesar</strong></span> <span class='ocrx_word' id='word_1_97' title='bbox 957 718 1081 757; x_wconf 90' lang='lat' dir='ltr'><strong>primus</strong></span> <span class='ocrx_word' id='word_1_98' title='bbox 1103 727 1132 750; x_wconf 85' lang='lat' dir='ltr'><strong>a.</strong></span> <span class='ocrx_word' id='word_1_99' title='bbox 1152 718 1192 750; x_wconf 86' lang='lat'><strong>59</strong></span> <span class='ocrx_word' id='word_1_100' title='bbox 1212 721 1289 750; x_wconf 86' lang='lat' dir='ltr'><strong>acta</strong></span> <span class='ocrx_word' id='word_1_101' title='bbox 1308 717 1420 758; x_wconf 89' lang='lat' dir='ltr'><strong>populi</strong></span> 
     </span>
     <span class='ocr_line' id='line_1_16' title="bbox 186 761 1420 806; baseline -0.002 -7"><span class='ocrx_word' id='word_1_102' title='bbox 186 766 331 800; x_wconf 85' lang='lat' dir='ltr'><strong>instituit</strong></span> <span class='ocrx_word' id='word_1_103' title='bbox 352 766 405 805; x_wconf 86' lang='lat' dir='ltr'><strong>(cf.</strong></span> <span class='ocrx_word' id='word_1_104' title='bbox 427 765 517 798; x_wconf 86' lang='lat' dir='ltr'><strong>Suet.</strong></span> <span class='ocrx_word' id='word_1_105' title='bbox 540 765 634 797; x_wconf 87' lang='lat' dir='ltr'><strong>Caes.</strong></span> <span class='ocrx_word' id='word_1_106' title='bbox 656 765 719 804; x_wconf 86' lang='lat'><strong>20),</strong></span> <span class='ocrx_word' id='word_1_107' title='bbox 741 765 866 805; x_wconf 89' lang='lat' dir='ltr'><strong>quibus,</strong></span> <span class='ocrx_word' id='word_1_108' title='bbox 888 769 925 798; x_wconf 89' lang='lat' dir='ltr'><strong>ut</strong></span> <span class='ocrx_word' id='word_1_109' title='bbox 943 761 1051 806; x_wconf 88' lang='lat' dir='ltr'><strong>Lipsii</strong></span> <span class='ocrx_word' id='word_1_110' title='bbox 1059 766 1080 805; x_wconf 83' lang='lat'><strong>¹)</strong></span> <span class='ocrx_word' id='word_1_111' title='bbox 1108 770 1185 798; x_wconf 88' lang='lat' dir='ltr'><strong>utar</strong></span> <span class='ocrx_word' id='word_1_112' title='bbox 1206 766 1326 803; x_wconf 85' lang='lat' dir='ltr'><strong>verbis,</strong></span> <span class='ocrx_word' id='word_1_113' title='bbox 1347 774 1420 797; x_wconf 88' lang='lat' dir='ltr'><strong>con-</strong></span> 
     </span>
     <span class='ocr_line' id='line_1_17' title="bbox 187 813 1420 854; baseline -0.001 -9"><span class='ocrx_word' id='word_1_114' title='bbox 187 815 378 845; x_wconf 84' lang='lat' dir='ltr'><strong>tinebantur</strong></span> <span class='ocrx_word' id='word_1_115' title='bbox 403 822 457 845; x_wconf 85' lang='lat' dir='ltr'><strong>res</strong></span> <span class='ocrx_word' id='word_1_116' title='bbox 483 814 693 852; x_wconf 86' lang='lat' dir='ltr'><strong>rationesque</strong></span> <span class='ocrx_word' id='word_1_117' title='bbox 720 813 841 852; x_wconf 88' lang='lat' dir='ltr'><strong>populi,</strong></span> <span class='ocrx_word' id='word_1_118' title='bbox 868 814 988 845; x_wconf 88' lang='lat' dir='ltr'><strong>iudicia</strong></span> <span class='ocrx_word' id='word_1_119' title='bbox 1008 814 1148 854; x_wconf 90' lang='lat' dir='ltr'><strong>publica,</strong></span> <span class='ocrx_word' id='word_1_120' title='bbox 1175 815 1344 854; x_wconf 87' lang='lat' dir='ltr'><strong>supplicia,</strong></span> <span class='ocrx_word' id='word_1_121' title='bbox 1370 822 1420 845; x_wconf 86' lang='lat' dir='ltr'><strong>eo-</strong></span> 
     </span>
     <span class='ocr_line' id='line_1_18' title="bbox 188 860 1418 902; baseline -0.001 -8"><span class='ocrx_word' id='word_1_122' title='bbox 188 861 289 901; x_wconf 85' lang='lat' dir='ltr'><strong>mitia,</strong></span> <span class='ocrx_word' id='word_1_123' title='bbox 309 861 515 897; x_wconf 84' lang='lat' dir='ltr'><strong>nativitates,</strong></span> <span class='ocrx_word' id='word_1_124' title='bbox 537 860 693 900; x_wconf 87' lang='lat' dir='ltr'><strong>aedificia,</strong></span> <span class='ocrx_word' id='word_1_125' title='bbox 715 860 863 892; x_wconf 87' lang='lat' dir='ltr'><strong>illustres</strong></span> <span class='ocrx_word' id='word_1_126' title='bbox 884 864 1016 900; x_wconf 90' lang='lat' dir='ltr'><strong>mortes,</strong></span> <span class='ocrx_word' id='word_1_127' title='bbox 1037 862 1252 902; x_wconf 87' lang='lat' dir='ltr'><strong>matrimonia,</strong></span> <span class='ocrx_word' id='word_1_128' title='bbox 1267 861 1418 895; x_wconf 89' lang='lat' dir='ltr'><strong>divortia.</strong></span> 
     </span>
     <span class='ocr_line' id='line_1_19' title="bbox 187 909 1420 951; baseline 0.001 -9"><span class='ocrx_word' id='word_1_129' title='bbox 187 911 279 943; x_wconf 84' lang='lat' dir='ltr'><strong>Ante</strong></span> <span class='ocrx_word' id='word_1_130' title='bbox 300 913 375 942; x_wconf 88' lang='lat' dir='ltr'><strong>acta</strong></span> <span class='ocrx_word' id='word_1_131' title='bbox 394 910 605 942; x_wconf 88' lang='lat' dir='ltr'><strong>inveniuntur</strong></span> <span class='ocrx_word' id='word_1_132' title='bbox 627 909 762 949; x_wconf 89' lang='lat' dir='ltr'><strong>quidem,</strong></span> <span class='ocrx_word' id='word_1_133' title='bbox 790 910 832 941; x_wconf 88' lang='lat' dir='ltr'><strong>ad</strong></span> <span class='ocrx_word' id='word_1_134' title='bbox 858 919 990 950; x_wconf 90' lang='lat' dir='ltr'><strong>quorum</strong></span> <span class='ocrx_word' id='word_1_135' title='bbox 1019 911 1261 943; x_wconf 88' lang='lat' dir='ltr'><strong>similitudinem</strong></span> <span class='ocrx_word' id='word_1_136' title='bbox 1288 920 1328 943; x_wconf 89' lang='lat' dir='ltr'><strong>ea</strong></span> <span class='ocrx_word' id='word_1_137' title='bbox 1347 919 1420 951; x_wconf 87' lang='lat' dir='ltr'><strong>per-</strong></span> 
     </span>
     <span class='ocr_line' id='line_1_20' title="bbox 189 958 1420 998; baseline 0 -7"><span class='ocrx_word' id='word_1_138' title='bbox 189 959 289 991; x_wconf 83' lang='lat' dir='ltr'><strong>scribi</strong></span> <span class='ocrx_word' id='word_1_139' title='bbox 308 961 426 998; x_wconf 87' lang='lat' dir='ltr'><strong>coepta</strong></span> <span class='ocrx_word' id='word_1_140' title='bbox 445 967 518 990; x_wconf 85' lang='lat' dir='ltr'><strong>esse</strong></span> <span class='ocrx_word' id='word_1_141' title='bbox 538 958 715 990; x_wconf 86' lang='lat' dir='ltr'><strong>verisimile</strong></span> <span class='ocrx_word' id='word_1_142' title='bbox 736 961 796 990; x_wconf 88' lang='lat' dir='ltr'><strong>est.</strong></span> <span class='ocrx_word' id='word_1_143' title='bbox 837 959 969 990; x_wconf 89' lang='lat' dir='ltr'><strong>Dudum</strong></span> <span class='ocrx_word' id='word_1_144' title='bbox 997 959 1082 991; x_wconf 90' lang='lat' dir='ltr'><strong>enim</strong></span> <span class='ocrx_word' id='word_1_145' title='bbox 1108 969 1179 991; x_wconf 88' lang='lat' dir='ltr'><strong>eam</strong></span> <span class='ocrx_word' id='word_1_146' title='bbox 1199 959 1323 991; x_wconf 84' lang='lat' dir='ltr'><strong>Romae</strong></span> <span class='ocrx_word' id='word_1_147' title='bbox 1348 968 1420 991; x_wconf 88' lang='lat' dir='ltr'><strong>eon-</strong></span> 
     </span>
     <span class='ocr_line' id='line_1_21' title="bbox 190 1006 1422 1048; baseline -0.001 -7"><span class='ocrx_word' id='word_1_148' title='bbox 190 1007 393 1041; x_wconf 87' lang='lat' dir='ltr'><strong>suetudinem</strong></span> <span class='ocrx_word' id='word_1_149' title='bbox 413 1006 515 1038; x_wconf 88' lang='lat' dir='ltr'><strong>fuisse</strong></span> <span class='ocrx_word' id='word_1_150' title='bbox 535 1015 669 1038; x_wconf 89' lang='lat' dir='ltr'><strong>necesse</strong></span> <span class='ocrx_word' id='word_1_151' title='bbox 690 1009 751 1046; x_wconf 87' lang='lat' dir='ltr'><strong>est,</strong></span> <span class='ocrx_word' id='word_1_152' title='bbox 772 1010 810 1038; x_wconf 89' lang='lat' dir='ltr'><strong>ut</strong></span> <span class='ocrx_word' id='word_1_153' title='bbox 829 1007 1055 1047; x_wconf 84' lang='lat' dir='ltr'><strong>magistratus,</strong></span> <span class='ocrx_word' id='word_1_154' title='bbox 1077 1008 1131 1047; x_wconf 92' lang='lat' dir='ltr'><strong>qui</strong></span> <span class='ocrx_word' id='word_1_155' title='bbox 1144 1008 1258 1048; x_wconf 90' lang='lat' dir='ltr'><strong>procul</strong></span> <span class='ocrx_word' id='word_1_156' title='bbox 1278 1009 1319 1040; x_wconf 89' lang='lat' dir='ltr'><strong>ab</strong></span> <span class='ocrx_word' id='word_1_157' title='bbox 1340 1009 1422 1040; x_wconf 91' lang='lat' dir='ltr'><strong>urbe</strong></span> 
     </span>
     <span class='ocr_line' id='line_1_22' title="bbox 189 1055 1421 1096; baseline 0 -7"><span class='ocrx_word' id='word_1_158' title='bbox 189 1057 259 1089; x_wconf 91' lang='lat' dir='ltr'><strong>sive</strong></span> <span class='ocrx_word' id='word_1_159' title='bbox 289 1056 377 1088; x_wconf 88' lang='lat' dir='ltr'><strong>bella</strong></span> <span class='ocrx_word' id='word_1_160' title='bbox 407 1058 563 1095; x_wconf 86' lang='lat' dir='ltr'><strong>gererent</strong></span> <span class='ocrx_word' id='word_1_161' title='bbox 589 1055 658 1087; x_wconf 89' lang='lat' dir='ltr'><strong>sive</strong></span> <span class='ocrx_word' id='word_1_162' title='bbox 683 1055 869 1095; x_wconf 86' lang='lat' dir='ltr'><strong>provincias</strong></span> <span class='ocrx_word' id='word_1_163' title='bbox 895 1059 1066 1096; x_wconf 88' lang='lat' dir='ltr'><strong>regerent,</strong></span> <span class='ocrx_word' id='word_1_164' title='bbox 1093 1058 1133 1088; x_wconf 89' lang='lat' dir='ltr'><strong>ab</strong></span> <span class='ocrx_word' id='word_1_165' title='bbox 1160 1057 1271 1089; x_wconf 87' lang='lat' dir='ltr'><strong>amicis</strong></span> <span class='ocrx_word' id='word_1_166' title='bbox 1297 1058 1421 1089; x_wconf 86' lang='lat' dir='ltr'><strong>Romae</strong></span> 
     </span>
     <span class='ocr_line' id='line_1_23' title="bbox 189 1104 1421 1145; baseline 0 -7"><span class='ocrx_word' id='word_1_167' title='bbox 189 1105 393 1145; x_wconf 83' lang='lat' dir='ltr'><strong>degentibus,</strong></span> <span class='ocrx_word' id='word_1_168' title='bbox 425 1113 635 1144; x_wconf 88' lang='lat' dir='ltr'><strong>quaecunque</strong></span> <span class='ocrx_word' id='word_1_169' title='bbox 665 1104 711 1135; x_wconf 89' lang='lat' dir='ltr'><strong>ibi</strong></span> <span class='ocrx_word' id='word_1_170' title='bbox 741 1104 825 1136; x_wconf 86' lang='lat' dir='ltr'><strong>scitu</strong></span> <span class='ocrx_word' id='word_1_171' title='bbox 857 1104 1008 1144; x_wconf 83' lang='lat' dir='ltr'><strong>digniora</strong></span> <span class='ocrx_word' id='word_1_172' title='bbox 1038 1105 1165 1145; x_wconf 87' lang='lat' dir='ltr'><strong>publice</strong></span> <span class='ocrx_word' id='word_1_173' title='bbox 1202 1106 1421 1145; x_wconf 87' lang='lat' dir='ltr'><strong>privatimque</strong></span> 
     </span>
     <span class='ocr_line' id='line_1_24' title="bbox 190 1153 1421 1193; baseline 0.001 -8"><span class='ocrx_word' id='word_1_174' title='bbox 190 1156 378 1193; x_wconf 82' lang='lat' dir='ltr'><strong>agerentur,</strong></span> <span class='ocrx_word' id='word_1_175' title='bbox 399 1162 458 1193; x_wconf 86' lang='lat' dir='ltr'><strong>per</strong></span> <span class='ocrx_word' id='word_1_176' title='bbox 472 1153 604 1184; x_wconf 87' lang='lat' dir='ltr'><strong>litteras</strong></span> <span class='ocrx_word' id='word_1_177' title='bbox 626 1153 860 1184; x_wconf 87' lang='lat' dir='ltr'><strong>communicata</strong></span> <span class='ocrx_word' id='word_1_178' title='bbox 881 1153 1068 1193; x_wconf 87' lang='lat' dir='ltr'><strong>acciperent</strong></span> <span class='ocrx_word' id='word_1_179' title='bbox 1075 1153 1109 1192; x_wconf 81' lang='lat'><strong>²).</strong></span> <span class='ocrx_word' id='word_1_180' title='bbox 1144 1154 1309 1186; x_wconf 87' lang='lat' dir='ltr'><strong>Autnmas</strong></span> <span class='ocrx_word' id='word_1_181' title='bbox 1326 1164 1367 1186; x_wconf 86' lang='lat' dir='ltr'><strong>ex</strong></span> <span class='ocrx_word' id='word_1_182' title='bbox 1380 1154 1421 1186; x_wconf 90' lang='lat' dir='ltr'><strong>iis</strong></span> 
     </span>
     <span class='ocr_line' id='line_1_25' title="bbox 190 1201 1077 1241; baseline -0.001 -7"><span class='ocrx_word' id='word_1_183' title='bbox 190 1201 383 1234; x_wconf 85' lang='lat' dir='ltr'><strong>Sallustium</strong></span> <span class='ocrx_word' id='word_1_184' title='bbox 404 1202 564 1241; x_wconf 89' lang='lat' dir='ltr'><strong>epistulae</strong></span> <span class='ocrx_word' id='word_1_185' title='bbox 586 1210 665 1232; x_wconf 87' lang='lat' dir='ltr'><strong>suae</strong></span> <span class='ocrx_word' id='word_1_186' title='bbox 686 1204 913 1240; x_wconf 89' lang='lat' dir='ltr'><strong>argumentum</strong></span> <span class='ocrx_word' id='word_1_187' title='bbox 933 1202 1077 1241; x_wconf 87' lang='lat' dir='ltr'><strong>petiisse.</strong></span> 
     </span>
     <span class='ocr_line' id='line_1_26' title="bbox 192 1249 1421 1291; baseline 0.001 -9"><span class='ocrx_word' id='word_1_188' title='bbox 192 1252 195 1254; x_wconf 53' lang='lat'><em>⁴</em></span> <span class='ocrx_word' id='word_1_189' title='bbox 269 1250 394 1290; x_wconf 80' lang='lat' dir='ltr'><strong>Quibus</strong></span> <span class='ocrx_word' id='word_1_190' title='bbox 416 1250 484 1282; x_wconf 90' lang='lat' dir='ltr'><strong>late</strong></span> <span class='ocrx_word' id='word_1_191' title='bbox 506 1249 663 1290; x_wconf 84' lang='lat' dir='ltr'><strong>expositis</strong></span> <span class='ocrx_word' id='word_1_192' title='bbox 684 1250 833 1289; x_wconf 90' lang='lat' dir='ltr'><strong>alterum,</strong></span> <span class='ocrx_word' id='word_1_193' title='bbox 856 1250 941 1290; x_wconf 88' lang='lat' dir='ltr'><strong>quod</strong></span> <span class='ocrx_word' id='word_1_194' title='bbox 961 1253 1078 1289; x_wconf 88' lang='lat' dir='ltr'><strong>restat,</strong></span> <span class='ocrx_word' id='word_1_195' title='bbox 1100 1260 1320 1291; x_wconf 87' lang='lat' dir='ltr'><strong>aggressurus</strong></span> <span class='ocrx_word' id='word_1_196' title='bbox 1341 1260 1421 1290; x_wconf 85' lang='lat' dir='ltr'><strong>sum,</strong></span> 
     </span>
     <span class='ocr_line' id='line_1_27' title="bbox 190 1298 1423 1339; baseline 0.001 -8"><span class='ocrx_word' id='word_1_197' title='bbox 190 1309 231 1332; x_wconf 90' lang='lat' dir='ltr'><strong>ne</strong></span> <span class='ocrx_word' id='word_1_198' title='bbox 260 1299 394 1331; x_wconf 87' lang='lat' dir='ltr'><strong>lectoris</strong></span> <span class='ocrx_word' id='word_1_199' title='bbox 424 1298 587 1339; x_wconf 88' lang='lat' dir='ltr'><strong>patientia</strong></span> <span class='ocrx_word' id='word_1_200' title='bbox 617 1298 738 1330; x_wconf 87' lang='lat' dir='ltr'><strong>diutius</strong></span> <span class='ocrx_word' id='word_1_201' title='bbox 770 1299 898 1330; x_wconf 82' lang='lat' dir='ltr'><strong>abutar.</strong></span> <span class='ocrx_word' id='word_1_202' title='bbox 943 1298 995 1330; x_wconf 86' lang='lat' dir='ltr'><strong>Ex</strong></span> <span class='ocrx_word' id='word_1_203' title='bbox 1025 1299 1276 1332; x_wconf 82' lang='lat' dir='ltr'><strong>ratiocinatione</strong></span> <span class='ocrx_word' id='word_1_204' title='bbox 1307 1304 1423 1332; x_wconf 86' lang='lat' dir='ltr'><strong>nostra</strong></span> 
     </span>
     <span class='ocr_line' id='line_1_28' title="bbox 190 1346 1422 1388; baseline 0 -8"><span class='ocrx_word' id='word_1_205' title='bbox 190 1357 312 1388; x_wconf 84' lang='lat' dir='ltr'><strong>magna</strong></span> <span class='ocrx_word' id='word_1_206' title='bbox 331 1357 403 1379; x_wconf 90' lang='lat' dir='ltr'><strong>cum</strong></span> <span class='ocrx_word' id='word_1_207' title='bbox 427 1347 662 1387; x_wconf 87' lang='lat' dir='ltr'><strong>probabilitate</strong></span> <span class='ocrx_word' id='word_1_208' title='bbox 689 1346 845 1387; x_wconf 82' lang='lat' dir='ltr'><strong>colligere</strong></span> <span class='ocrx_word' id='word_1_209' title='bbox 870 1348 921 1379; x_wconf 81' lang='lat' dir='ltr'><strong>fas</strong></span> <span class='ocrx_word' id='word_1_210' title='bbox 943 1350 1004 1386; x_wconf 88' lang='lat' dir='ltr'><strong>est,</strong></span> <span class='ocrx_word' id='word_1_211' title='bbox 1030 1348 1072 1379; x_wconf 88' lang='lat' dir='ltr'><strong>ad</strong></span> <span class='ocrx_word' id='word_1_212' title='bbox 1092 1349 1195 1379; x_wconf 87' lang='lat' dir='ltr'><strong>verba</strong></span> <span class='ocrx_word' id='word_1_213' title='bbox 1219 1348 1422 1381; x_wconf 88' lang='lat' dir='ltr'><strong>Mithridatis</strong></span> 
     </span>
     <span class='ocr_line' id='line_1_29' title="bbox 190 1395 1422 1437; baseline -0.001 -7"><span class='ocrx_word' id='word_1_214' title='bbox 190 1397 264 1437; x_wconf 89' lang='lat' dir='ltr'><strong>ipsa</strong></span> <span class='ocrx_word' id='word_1_215' title='bbox 292 1396 470 1436; x_wconf 87' lang='lat' dir='ltr'><strong>scriptores</strong></span> <span class='ocrx_word' id='word_1_216' title='bbox 496 1397 626 1427; x_wconf 89' lang='lat' dir='ltr'><strong>nostros</strong></span> <span class='ocrx_word' id='word_1_217' title='bbox 658 1395 831 1435; x_wconf 86' lang='lat' dir='ltr'><strong>epistulam</strong></span> <span class='ocrx_word' id='word_1_218' title='bbox 857 1398 891 1427; x_wconf 90' lang='lat' dir='ltr'><strong>et</strong></span> <span class='ocrx_word' id='word_1_219' title='bbox 916 1396 1096 1428; x_wconf 90' lang='lat' dir='ltr'><strong>orationem</strong></span> <span class='ocrx_word' id='word_1_220' title='bbox 1121 1405 1185 1428; x_wconf 91' lang='lat' dir='ltr'><strong>non</strong></span> <span class='ocrx_word' id='word_1_221' title='bbox 1211 1397 1422 1437; x_wconf 88' lang='lat' dir='ltr'><strong>expressisse.</strong></span> 
     </span>
     <span class='ocr_line' id='line_1_30' title="bbox 192 1444 1423 1486; baseline 0.001 -9"><span class='ocrx_word' id='word_1_222' title='bbox 192 1446 287 1486; x_wconf 78' lang='lat' dir='ltr'><strong>Quod</strong></span> <span class='ocrx_word' id='word_1_223' title='bbox 307 1449 345 1477; x_wconf 89' lang='lat' dir='ltr'><strong>ut</strong></span> <span class='ocrx_word' id='word_1_224' title='bbox 365 1445 534 1477; x_wconf 89' lang='lat' dir='ltr'><strong>credamus</strong></span> <span class='ocrx_word' id='word_1_225' title='bbox 555 1444 763 1483; x_wconf 90' lang='lat' dir='ltr'><strong>gravioribus</strong></span> <span class='ocrx_word' id='word_1_226' title='bbox 786 1445 974 1476; x_wconf 86' lang='lat' dir='ltr'><strong>adducimur</strong></span> <span class='ocrx_word' id='word_1_227' title='bbox 993 1445 1110 1476; x_wconf 89' lang='lat' dir='ltr'><strong>causis.</strong></span> <span class='ocrx_word' id='word_1_228' title='bbox 1145 1445 1249 1484; x_wconf 84' lang='lat' dir='ltr'><strong>Trogi</strong></span> <span class='ocrx_word' id='word_1_229' title='bbox 1262 1446 1296 1476; x_wconf 91' lang='lat' dir='ltr'><strong>in</strong></span> <span class='ocrx_word' id='word_1_230' title='bbox 1308 1455 1423 1478; x_wconf 86' lang='lat' dir='ltr'><strong>manus</strong></span> 
     </span>
     <span class='ocr_line' id='line_1_31' title="bbox 192 1493 1424 1533; baseline 0.001 -8"><span class='ocrx_word' id='word_1_231' title='bbox 192 1494 372 1525; x_wconf 86' lang='lat' dir='ltr'><strong>orationem</strong></span> <span class='ocrx_word' id='word_1_232' title='bbox 391 1494 496 1533; x_wconf 88' lang='lat' dir='ltr'><strong>ipsam</strong></span> <span class='ocrx_word' id='word_1_233' title='bbox 516 1494 646 1525; x_wconf 88' lang='lat' dir='ltr'><strong>venisse</strong></span> <span class='ocrx_word' id='word_1_234' title='bbox 667 1493 729 1524; x_wconf 89' lang='lat' dir='ltr'><strong>tibi</strong></span> <span class='ocrx_word' id='word_1_235' title='bbox 749 1502 825 1524; x_wconf 91' lang='lat' dir='ltr'><strong>num</strong></span> <span class='ocrx_word' id='word_1_236' title='bbox 845 1493 1045 1532; x_wconf 86' lang='lat' dir='ltr'><strong>persuadere</strong></span> <span class='ocrx_word' id='word_1_237' title='bbox 1066 1493 1214 1532; x_wconf 75' lang='lat' dir='ltr'><strong>poteris?</strong></span> <span class='ocrx_word' id='word_1_238' title='bbox 1253 1494 1320 1526; x_wconf 87' lang='lat' dir='ltr'><strong>Illa</strong></span> <span class='ocrx_word' id='word_1_239' title='bbox 1340 1495 1424 1526; x_wconf 85' lang='lat' dir='ltr'><strong>enim</strong></span> 
     </span>
     <span class='ocr_line' id='line_1_32' title="bbox 193 1541 1425 1583; baseline 0.001 -9"><span class='ocrx_word' id='word_1_240' title='bbox 193 1545 314 1582; x_wconf 88' lang='lat' dir='ltr'><strong>aetate,</strong></span> <span class='ocrx_word' id='word_1_241' title='bbox 336 1551 400 1582; x_wconf 90' lang='lat' dir='ltr'><strong>qua</strong></span> <span class='ocrx_word' id='word_1_242' title='bbox 421 1542 586 1574; x_wconf 89' lang='lat' dir='ltr'><strong>orationes</strong></span> <span class='ocrx_word' id='word_1_243' title='bbox 602 1541 735 1573; x_wconf 85' lang='lat' dir='ltr'><strong>habitae</strong></span> <span class='ocrx_word' id='word_1_244' title='bbox 756 1541 923 1573; x_wconf 88' lang='lat' dir='ltr'><strong>auditione</strong></span> <span class='ocrx_word' id='word_1_245' title='bbox 938 1542 1160 1573; x_wconf 83' lang='lat' dir='ltr'><strong>tantummodo</strong></span> <span class='ocrx_word' id='word_1_246' title='bbox 1179 1543 1425 1583; x_wconf 85' lang='lat' dir='ltr'><strong>accipiebantur</strong></span> 
     </span>
     <span class='ocr_line' id='line_1_33' title="bbox 192 1589 1426 1631; baseline 0 -8"><span class='ocrx_word' id='word_1_247' title='bbox 192 1600 296 1630; x_wconf 89' lang='lat' dir='ltr'><strong>neque</strong></span> <span class='ocrx_word' id='word_1_248' title='bbox 317 1591 358 1622; x_wconf 90' lang='lat' dir='ltr'><strong>ab</strong></span> <span class='ocrx_word' id='word_1_249' title='bbox 380 1590 568 1622; x_wconf 88' lang='lat' dir='ltr'><strong>auctoribus</strong></span> <span class='ocrx_word' id='word_1_250' title='bbox 589 1590 699 1621; x_wconf 87' lang='lat' dir='ltr'><strong>verbis</strong></span> <span class='ocrx_word' id='word_1_251' title='bbox 719 1589 845 1628; x_wconf 88' lang='lat' dir='ltr'><strong>iisdem,</strong></span> <span class='ocrx_word' id='word_1_252' title='bbox 867 1590 982 1629; x_wconf 86' lang='lat' dir='ltr'><strong>quibus</strong></span> <span class='ocrx_word' id='word_1_253' title='bbox 1009 1590 1111 1622; x_wconf 88' lang='lat' dir='ltr'><strong>locuti</strong></span> <span class='ocrx_word' id='word_1_254' title='bbox 1136 1594 1234 1623; x_wconf 87' lang='lat' dir='ltr'><strong>erant</strong></span> <span class='ocrx_word' id='word_1_255' title='bbox 1258 1600 1364 1631; x_wconf 87' lang='lat' dir='ltr'><strong>neque</strong></span> <span class='ocrx_word' id='word_1_256' title='bbox 1385 1592 1426 1623; x_wconf 90' lang='lat' dir='ltr'><strong>ab</strong></span> 
     </span>
     <span class='ocr_line' id='line_1_34' title="bbox 194 1637 1427 1678; baseline 0 -7"><span class='ocrx_word' id='word_1_257' title='bbox 194 1639 397 1671; x_wconf 86' lang='lat' dir='ltr'><strong>auditoribus</strong></span> <span class='ocrx_word' id='word_1_258' title='bbox 417 1638 512 1670; x_wconf 91' lang='lat' dir='ltr'><strong>reddi</strong></span> <span class='ocrx_word' id='word_1_259' title='bbox 533 1637 705 1669; x_wconf 78' lang='lat' dir='ltr'><strong>solebant?</strong></span> <span class='ocrx_word' id='word_1_260' title='bbox 752 1637 878 1669; x_wconf 87' lang='lat' dir='ltr'><strong>Mecum</strong></span> <span class='ocrx_word' id='word_1_261' title='bbox 905 1638 1052 1670; x_wconf 89' lang='lat' dir='ltr'><strong>sentiunt</strong></span> <span class='ocrx_word' id='word_1_262' title='bbox 1071 1638 1265 1678; x_wconf 79' lang='lat' dir='ltr'><strong>Ruehlius³)</strong></span> <span class='ocrx_word' id='word_1_263' title='bbox 1293 1639 1345 1671; x_wconf 87' lang='lat' dir='ltr'><strong>vir</strong></span> <span class='ocrx_word' id='word_1_264' title='bbox 1370 1640 1427 1671; x_wconf 82' lang='lat' dir='ltr'><strong>ille</strong></span> 
     </span>
     <span class='ocr_line' id='line_1_35' title="bbox 191 1685 1428 1735; baseline 0.002 -16"><span class='ocrx_word' id='word_1_265' title='bbox 191 1687 448 1720; x_wconf 87' lang='lat' dir='ltr'><strong>illustrissimus:</strong></span> <span class='ocrx_word' id='word_1_266' title='bbox 475 1686 527 1718; x_wconf 87' lang='lat' dir='ltr'><strong>die</strong></span> <span class='ocrx_word' id='word_1_267' title='bbox 550 1685 643 1718; x_wconf 86' lang='lat' dir='ltr'><strong>Rede</strong></span> <span class='ocrx_word' id='word_1_268' title='bbox 666 1685 712 1718; x_wconf 90' lang='lat' dir='ltr'><strong>ist</strong></span> <span class='ocrx_word' id='word_1_269' title='bbox 735 1685 788 1722; x_wconf 89' lang='lat' dir='ltr'><strong>ein</strong></span> <span class='ocrx_word' id='word_1_270' title='bbox 812 1685 940 1718; x_wconf 91' lang='lat' dir='ltr'><strong>Prunk-</strong></span> <span class='ocrx_word' id='word_1_271' title='bbox 970 1687 1035 1718; x_wconf 90' lang='lat' dir='ltr'><strong>und</strong></span> <span class='ocrx_word' id='word_1_272' title='bbox 1060 1687 1293 1735; x_wconf 62' lang='lat' dir='ltr'><strong>Me&#39;pterstiick</strong></span> <span class='ocrx_word' id='word_1_273' title='bbox 1321 1688 1428 1721; x_wconf 85' lang='lat' dir='ltr'><strong>seines</strong></span> 
     </span>
     <span class='ocr_line' id='line_1_36' title="bbox 193 1733 1428 1774; baseline 0.001 -7"><span class='ocrx_word' id='word_1_274' title='bbox 193 1736 335 1768; x_wconf 90' lang='lat' dir='ltr'><strong>Werkes</strong></span> <span class='ocrx_word' id='word_1_275' title='bbox 367 1738 401 1767; x_wconf 92' lang='lat' dir='ltr'><strong>et</strong></span> <span class='ocrx_word' id='word_1_276' title='bbox 431 1733 673 1772; x_wconf 79' lang='lat' dir='ltr'><strong>Drumannus⁴)</strong></span> <span class='ocrx_word' id='word_1_277' title='bbox 704 1744 735 1774; x_wconf 87' lang='lat' dir='ltr'><strong>p.</strong></span> <span class='ocrx_word' id='word_1_278' title='bbox 755 1735 822 1766; x_wconf 80' lang='lat'><strong>440.</strong></span> <span class='ocrx_word' id='word_1_279' title='bbox 863 1735 976 1774; x_wconf 88' lang='lat' dir='ltr'><strong>Atque</strong></span> <span class='ocrx_word' id='word_1_280' title='bbox 1008 1736 1196 1774; x_wconf 88' lang='lat' dir='ltr'><strong>orationem,</strong></span> <span class='ocrx_word' id='word_1_281' title='bbox 1229 1737 1258 1768; x_wconf 86' lang='lat' dir='ltr'><strong>si</strong></span> <span class='ocrx_word' id='word_1_282' title='bbox 1289 1737 1428 1769; x_wconf 86' lang='lat' dir='ltr'><strong>attentis</strong></span> 
     </span>
     <span class='ocr_line' id='line_1_37' title="bbox 194 1782 1428 1823; baseline -0.001 -7"><span class='ocrx_word' id='word_1_283' title='bbox 194 1784 296 1816; x_wconf 88' lang='lat' dir='ltr'><strong>oeulis</strong></span> <span class='ocrx_word' id='word_1_284' title='bbox 321 1783 570 1823; x_wconf 84' lang='lat' dir='ltr'><strong>perlustramus,</strong></span> <span class='ocrx_word' id='word_1_285' title='bbox 596 1782 700 1813; x_wconf 88' lang='lat' dir='ltr'><strong>multa</strong></span> <span class='ocrx_word' id='word_1_286' title='bbox 721 1782 875 1813; x_wconf 85' lang='lat' dir='ltr'><strong>exhibere</strong></span> <span class='ocrx_word' id='word_1_287' title='bbox 897 1782 980 1813; x_wconf 89' lang='lat' dir='ltr'><strong>vitia</strong></span> <span class='ocrx_word' id='word_1_288' title='bbox 1005 1787 1121 1814; x_wconf 89' lang='lat' dir='ltr'><strong>contra</strong></span> <span class='ocrx_word' id='word_1_289' title='bbox 1146 1784 1304 1815; x_wconf 87' lang='lat' dir='ltr'><strong>historiae</strong></span> <span class='ocrx_word' id='word_1_290' title='bbox 1323 1784 1428 1823; x_wconf 88' lang='lat' dir='ltr'><strong>fidem,</strong></span> 
     </span>
     <span class='ocr_line' id='line_1_38' title="bbox 196 1830 1428 1873; baseline 0 -8"><span class='ocrx_word' id='word_1_291' title='bbox 196 1832 267 1873; x_wconf 86' lang='lat' dir='ltr'><strong>quis</strong></span> <span class='ocrx_word' id='word_1_292' title='bbox 288 1834 341 1864; x_wconf 86' lang='lat' dir='ltr'><strong>est</strong></span> <span class='ocrx_word' id='word_1_293' title='bbox 356 1831 410 1871; x_wconf 91' lang='lat' dir='ltr'><strong>qui</strong></span> <span class='ocrx_word' id='word_1_294' title='bbox 424 1830 545 1870; x_wconf 81' lang='lat' dir='ltr'><strong>neget?</strong></span> <span class='ocrx_word' id='word_1_295' title='bbox 566 1830 776 1863; x_wconf 88' lang='lat' dir='ltr'><strong>Mithridates</strong></span> <span class='ocrx_word' id='word_1_296' title='bbox 792 1830 876 1862; x_wconf 90' lang='lat' dir='ltr'><strong>enim</strong></span> <span class='ocrx_word' id='word_1_297' title='bbox 895 1833 1067 1871; x_wconf 87' lang='lat' dir='ltr'><strong>postquam</strong></span> <span class='ocrx_word' id='word_1_298' title='bbox 1081 1830 1215 1871; x_wconf 91' lang='lat' dir='ltr'><strong>Aquilio</strong></span> <span class='ocrx_word' id='word_1_299' title='bbox 1237 1835 1271 1864; x_wconf 89' lang='lat' dir='ltr'><strong>et</strong></span> <span class='ocrx_word' id='word_1_300' title='bbox 1291 1832 1428 1865; x_wconf 82' lang='lat' dir='ltr'><strong>Maltino</strong></span> 
     </span>
     <span class='ocr_line' id='line_1_39' title="bbox 195 1879 1430 1920; baseline -0.001 -7"><span class='ocrx_word' id='word_1_301' title='bbox 195 1881 323 1913; x_wconf 87' lang='lat' dir='ltr'><strong>devicto</strong></span> <span class='ocrx_word' id='word_1_302' title='bbox 339 1880 381 1917; x_wconf 87' lang='lat' dir='ltr'><strong>(a.</strong></span> <span class='ocrx_word' id='word_1_303' title='bbox 394 1879 445 1917; x_wconf 80' lang='lat'><strong>89)</strong></span> <span class='ocrx_word' id='word_1_304' title='bbox 462 1879 651 1910; x_wconf 87' lang='lat' dir='ltr'><strong>civitatibus</strong></span> <span class='ocrx_word' id='word_1_305' title='bbox 666 1879 777 1910; x_wconf 90' lang='lat' dir='ltr'><strong>debita</strong></span> <span class='ocrx_word' id='word_1_306' title='bbox 790 1879 916 1910; x_wconf 88' lang='lat' dir='ltr'><strong>remisit</strong></span> <span class='ocrx_word' id='word_1_307' title='bbox 930 1880 1195 1918; x_wconf 87' lang='lat' dir='ltr'><strong>vacationemque</strong></span> <span class='ocrx_word' id='word_1_308' title='bbox 1219 1881 1430 1920; x_wconf 89' lang='lat' dir='ltr'><strong>quinquennii</strong></span> 
     </span>
     <span class='ocr_line' id='line_1_40' title="bbox 197 1927 1428 1969; baseline 0 -8"><span class='ocrx_word' id='word_1_309' title='bbox 197 1929 358 1962; x_wconf 87' lang='lat' dir='ltr'><strong>concessit</strong></span> <span class='ocrx_word' id='word_1_310' title='bbox 380 1928 422 1967; x_wconf 84' lang='lat' dir='ltr'><strong>(a.</strong></span> <span class='ocrx_word' id='word_1_311' title='bbox 434 1927 495 1967; x_wconf 85' lang='lat'><strong>88),</strong></span> <span class='ocrx_word' id='word_1_312' title='bbox 516 1930 595 1960; x_wconf 87' lang='lat' dir='ltr'><strong>tunc</strong></span> <span class='ocrx_word' id='word_1_313' title='bbox 615 1927 736 1960; x_wconf 90' lang='lat' dir='ltr'><strong>milites</strong></span> <span class='ocrx_word' id='word_1_314' title='bbox 758 1927 799 1959; x_wconf 91' lang='lat' dir='ltr'><strong>ad</strong></span> <span class='ocrx_word' id='word_1_315' title='bbox 821 1927 1002 1959; x_wconf 89' lang='lat' dir='ltr'><strong>contionem</strong></span> <span class='ocrx_word' id='word_1_316' title='bbox 1023 1937 1220 1960; x_wconf 81' lang='lat' dir='ltr'><strong>convocasse</strong></span> <span class='ocrx_word' id='word_1_317' title='bbox 1241 1938 1361 1969; x_wconf 90' lang='lat' dir='ltr'><strong>eosque</strong></span> <span class='ocrx_word' id='word_1_318' title='bbox 1375 1938 1428 1961; x_wconf 88' lang='lat' dir='ltr'><strong>ex-</strong></span> 
     </span>
     <span class='ocr_line' id='line_1_41' title="bbox 195 1976 1430 2016; baseline -0.001 -6"><span class='ocrx_word' id='word_1_319' title='bbox 195 1979 347 2010; x_wconf 88' lang='lat' dir='ltr'><strong>hortatus</strong></span> <span class='ocrx_word' id='word_1_320' title='bbox 367 1978 402 2009; x_wconf 92' lang='lat' dir='ltr'><strong>in</strong></span> <span class='ocrx_word' id='word_1_321' title='bbox 428 1977 577 2009; x_wconf 86' lang='lat' dir='ltr'><strong>Romana</strong></span> <span class='ocrx_word' id='word_1_322' title='bbox 597 1976 685 2008; x_wconf 87' lang='lat' dir='ltr'><strong>bella</strong></span> <span class='ocrx_word' id='word_1_323' title='bbox 716 1977 921 2008; x_wconf 88' lang='lat' dir='ltr'><strong>descendisse</strong></span> <span class='ocrx_word' id='word_1_324' title='bbox 953 1977 1080 2008; x_wconf 87' lang='lat' dir='ltr'><strong>dicitur.</strong></span> <span class='ocrx_word' id='word_1_325' title='bbox 1123 1977 1218 2016; x_wconf 78' lang='lat' dir='ltr'><strong>Quod</strong></span> <span class='ocrx_word' id='word_1_326' title='bbox 1249 1978 1319 2009; x_wconf 85' lang='lat' dir='ltr'><strong>sive</strong></span> <span class='ocrx_word' id='word_1_327' title='bbox 1349 1979 1430 2009; x_wconf 85' lang='lat' dir='ltr'><strong>belli</strong></span> 
     </span>
     <span class='ocr_line' id='line_1_42' title="bbox 195 2023 1430 2063; baseline 0.001 -6"><span class='ocrx_word' id='word_1_328' title='bbox 195 2034 341 2062; x_wconf 82' lang='lat' dir='ltr'><strong>exorsus,</strong></span> <span class='ocrx_word' id='word_1_329' title='bbox 372 2028 409 2056; x_wconf 90' lang='lat' dir='ltr'><strong>ut</strong></span> <span class='ocrx_word' id='word_1_330' title='bbox 440 2025 488 2055; x_wconf 88' lang='lat' dir='ltr'><strong>ait</strong></span> <span class='ocrx_word' id='word_1_331' title='bbox 518 2024 658 2063; x_wconf 83' lang='lat' dir='ltr'><strong>Trogus,</strong></span> <span class='ocrx_word' id='word_1_332' title='bbox 689 2024 723 2054; x_wconf 91' lang='lat' dir='ltr'><strong>in</strong></span> <span class='ocrx_word' id='word_1_333' title='bbox 754 2033 782 2055; x_wconf 92' lang='lat' dir='ltr'><strong>a.</strong></span> <span class='ocrx_word' id='word_1_334' title='bbox 809 2024 848 2055; x_wconf 88' lang='grc'><strong>87</strong></span> <span class='ocrx_word' id='word_1_335' title='bbox 879 2023 975 2060; x_wconf 85' lang='lat' dir='ltr'><strong>cadit,</strong></span> <span class='ocrx_word' id='word_1_336' title='bbox 1002 2033 1070 2063; x_wconf 84' lang='lat' dir='ltr'><strong>.quo</strong></span> <span class='ocrx_word' id='word_1_337' title='bbox 1096 2024 1229 2057; x_wconf 89' lang='lat' dir='ltr'><strong>ineunte</strong></span> <span class='ocrx_word' id='word_1_338' title='bbox 1255 2024 1350 2058; x_wconf 90' lang='lat' dir='ltr'><strong>Sulla</strong></span> <span class='ocrx_word' id='word_1_339' title='bbox 1374 2026 1430 2058; x_wconf 91' lang='lat' dir='ltr'><strong>im-</strong></span> 
     </span>
    </p>
   </div>
   <div class='ocr_carea' id='block_1_6' title="bbox 194 2115 314 2121">
    <p class='ocr_par' dir='ltr' id='par_1_7' title="bbox 194 2115 314 2121">
     <span class='ocr_line' id='line_1_43' title="bbox 194 2115 314 2121; baseline 0 0"><span class='ocrx_word' id='word_1_340' title='bbox 194 2115 314 2121; x_wconf 95' lang='lat' dir='ltr'><strong> </strong></span> 
     </span>
    </p>
   </div>
   <div class='ocr_carea' id='block_1_7' title="bbox 315 2115 492 2120">
    <p class='ocr_par' dir='ltr' id='par_1_8' title="bbox 315 2115 492 2120">
     <span class='ocr_line' id='line_1_44' title="bbox 315 2115 492 2120; baseline 0 0"><span class='ocrx_word' id='word_1_341' title='bbox 315 2115 492 2120; x_wconf 95' lang='lat' dir='ltr'><strong> </strong></span> 
     </span>
    </p>
   </div>
   <div class='ocr_carea' id='block_1_8' title="bbox 275 2169 1195 2291">
    <p class='ocr_par' dir='ltr' id='par_1_9' title="bbox 275 2169 1195 2291">
     <span class='ocr_line' id='line_1_45' title="bbox 276 2169 802 2209; baseline -0.004 -8"><span class='ocrx_word' id='word_1_342' title='bbox 276 2172 297 2209; x_wconf 94' lang='lat'><strong>¹)</strong></span> <span class='ocrx_word' id='word_1_343' title='bbox 318 2171 349 2201; x_wconf 91' lang='lat' dir='ltr'><strong>in</strong></span> <span class='ocrx_word' id='word_1_344' title='bbox 368 2180 478 2201; x_wconf 81' lang='lat' dir='ltr'><strong>exem-s.</strong></span> <span class='ocrx_word' id='word_1_345' title='bbox 498 2170 536 2200; x_wconf 83' lang='lat' dir='ltr'><strong>ad</strong></span> <span class='ocrx_word' id='word_1_346' title='bbox 555 2169 622 2200; x_wconf 84' lang='lat' dir='ltr'><strong>Tac.</strong></span> <span class='ocrx_word' id='word_1_347' title='bbox 643 2179 709 2200; x_wconf 84' lang='lat' dir='ltr'><strong>ann.</strong></span> <span class='ocrx_word' id='word_1_348' title='bbox 729 2169 756 2199; x_wconf 91' lang='lat' dir='ltr'><strong>V</strong></span> <span class='ocrx_word' id='word_1_349' title='bbox 774 2169 802 2200; x_wconf 86' lang='lat'><strong>4.</strong></span> 
     </span>
     <span class='ocr_line' id='line_1_46' title="bbox 275 2211 904 2251; baseline 0 -8"><span class='ocrx_word' id='word_1_350' title='bbox 275 2211 297 2250; x_wconf 82' lang='lat'><strong>²)</strong></span> <span class='ocrx_word' id='word_1_351' title='bbox 319 2213 355 2243; x_wconf 81' lang='lat' dir='ltr'><strong>cf.</strong></span> <span class='ocrx_word' id='word_1_352' title='bbox 375 2212 486 2243; x_wconf 83' lang='lat' dir='ltr'><strong>Teuffel</strong></span> <span class='ocrx_word' id='word_1_353' title='bbox 505 2213 587 2244; x_wconf 73' lang='lat' dir='ltr'><strong>Rom.</strong></span> <span class='ocrx_word' id='word_1_354' title='bbox 608 2211 770 2251; x_wconf 84' lang='lat' dir='ltr'><strong>Litgesch.³</strong></span> <span class='ocrx_word' id='word_1_355' title='bbox 789 2222 819 2251; x_wconf 92' lang='lat' dir='ltr'><strong>p.</strong></span> <span class='ocrx_word' id='word_1_356' title='bbox 838 2212 904 2244; x_wconf 85' lang='lat'><strong>430.</strong></span> 
     </span>
     <span class='ocr_line' id='line_1_47' title="bbox 376 2249 1195 2291; baseline 0.002 -10"><span class='ocrx_word' id='word_1_357' title='bbox 376 2251 514 2281; x_wconf 86' lang='lat' dir='ltr'><strong>Huebner</strong></span> <span class='ocrx_word' id='word_1_358' title='bbox 532 2252 563 2281; x_wconf 92' lang='lat' dir='ltr'><strong>in</strong></span> <span class='ocrx_word' id='word_1_359' title='bbox 582 2251 668 2281; x_wconf 83' lang='lat' dir='ltr'><strong>Jahn.</strong></span> <span class='ocrx_word' id='word_1_360' title='bbox 689 2251 784 2281; x_wconf 80' lang='lat' dir='ltr'><strong>annal.</strong></span> <span class='ocrx_word' id='word_1_361' title='bbox 804 2250 875 2289; x_wconf 87' lang='lat' dir='ltr'><strong>phil.</strong></span> <span class='ocrx_word' id='word_1_362' title='bbox 895 2249 989 2290; x_wconf 87' lang='lat' dir='ltr'><strong>suppl.</strong></span> <span class='ocrx_word' id='word_1_363' title='bbox 1014 2251 1062 2282; x_wconf 91' lang='lat'><strong>111</strong></span> <span class='ocrx_word' id='word_1_364' title='bbox 1082 2261 1109 2291; x_wconf 89' lang='lat' dir='ltr'><strong>p.</strong></span> <span class='ocrx_word' id='word_1_365' title='bbox 1130 2253 1195 2283; x_wconf 84' lang='lat'><strong>594.</strong></span> 
     </span>
    </p>
   </div>
   <div class='ocr_carea' id='block_1_9' title="bbox 197 2287 1433 2374">
    <p class='ocr_par' dir='ltr' id='par_1_10' title="bbox 197 2287 1433 2374">
     <span class='ocr_line' id='line_1_48' title="bbox 275 2287 1433 2358; baseline 0.004 -39"><span class='ocrx_word' id='word_1_366' title='bbox 275 2287 375 2358; x_wconf 25' lang='lat' dir='ltr'><strong>’hdie</strong></span> <span class='ocrx_word' id='word_1_367' title='bbox 410 2289 631 2328; x_wconf 84' lang='lat' dir='ltr'><strong>Textesquellen</strong></span> <span class='ocrx_word' id='word_1_368' title='bbox 670 2289 721 2319; x_wconf 86' lang='lat' dir='ltr'><strong>des</strong></span> <span class='ocrx_word' id='word_1_369' title='bbox 755 2288 891 2320; x_wconf 77' lang='lat' dir='ltr'><strong>Iustinus‘</strong></span> <span class='ocrx_word' id='word_1_370' title='bbox 924 2290 955 2320; x_wconf 90' lang='lat' dir='ltr'><strong>in</strong></span> <span class='ocrx_word' id='word_1_371' title='bbox 987 2291 1084 2321; x_wconf 79' lang='lat' dir='ltr'><strong>Iahn&#39;s</strong></span> <span class='ocrx_word' id='word_1_372' title='bbox 1117 2290 1235 2322; x_wconf 80' lang='lat' dir='ltr'><strong>Iahrbb.</strong></span> <span class='ocrx_word' id='word_1_373' title='bbox 1271 2291 1292 2323; x_wconf 82' lang='lat' dir='ltr'><strong>f.</strong></span> <span class='ocrx_word' id='word_1_374' title='bbox 1325 2290 1433 2324; x_wconf 85' lang='lat' dir='ltr'><strong>Philol.</strong></span> 
     </span>
     <span class='ocr_line' id='line_1_49' title="bbox 197 2327 535 2374; baseline -0.003 -15"><span class='ocrx_word' id='word_1_375' title='bbox 197 2327 288 2368; x_wconf 90' lang='lat' dir='ltr'><strong>Suppl</strong></span> <span class='ocrx_word' id='word_1_376' title='bbox 309 2327 337 2359; x_wconf 87' lang='lat' dir='ltr'><strong>d.</strong></span> <span class='ocrx_word' id='word_1_377' title='bbox 358 2328 400 2358; x_wconf 85' lang='lat' dir='ltr'><strong>VI</strong></span> <span class='ocrx_word' id='word_1_378' title='bbox 416 2337 447 2374; x_wconf 83' lang='lat' dir='ltr'><strong>p.</strong></span> <span class='ocrx_word' id='word_1_379' title='bbox 470 2328 535 2358; x_wconf 91' lang='grc'>109.</span> 
     </span>
    </p>
   </div>
   <div class='ocr_carea' id='block_1_10' title="bbox 274 2365 1043 2408">
    <p class='ocr_par' dir='ltr' id='par_1_11' title="bbox 274 2365 1043 2408">
     <span class='ocr_line' id='line_1_50' title="bbox 274 2365 1043 2408; baseline 0 -10"><span class='ocrx_word' id='word_1_380' title='bbox 274 2365 298 2408; x_wconf 78' lang='lat'><strong>⁴)</strong></span> <span class='ocrx_word' id='word_1_381' title='bbox 319 2366 492 2399; x_wconf 78' lang='lat' dir='ltr'><strong>Gesclnchte</strong></span> <span class='ocrx_word' id='word_1_382' title='bbox 513 2368 601 2398; x_wconf 74' lang='lat' dir='ltr'><strong>Rome</strong></span> <span class='ocrx_word' id='word_1_383' title='bbox 621 2366 808 2407; x_wconf 77' lang='lat' dir='ltr'><strong>Konigsberg</strong></span> <span class='ocrx_word' id='word_1_384' title='bbox 830 2367 904 2398; x_wconf 84' lang='lat'>1835</span> <span class='ocrx_word' id='word_1_385' title='bbox 924 2368 979 2399; x_wconf 85' lang='lat' dir='ltr'><strong>vol.</strong></span> <span class='ocrx_word' id='word_1_386' title='bbox 1002 2367 1043 2399; x_wconf 93' lang='lat'><strong>11.</strong></span> 
     </span>
    </p>
   </div>
  </div>
 </body>
</html>
