<?xml version="1.0" encoding="UTF-8"?>
<!DOCTYPE html PUBLIC "-//W3C//DTD XHTML 1.0 Transitional//EN"
    "http://www.w3.org/TR/xhtml1/DTD/xhtml1-transitional.dtd">
<html xmlns="http://www.w3.org/1999/xhtml" xml:lang="en" lang="en">
 <head>
  <title>
</title>
<meta http-equiv="Content-Type" content="text/html;charset=utf-8" />
  <meta name='ocr-system' content='tesseract 3.04.00' />
  <meta name='ocr-capabilities' content='ocr_page ocr_carea ocr_par ocr_line ocrx_word'/>
</head>
<body>
  <div class='ocr_page' id='page_1' title='image "4737409_0063.png"; bbox 0 0 1604 2528; ppageno 0'>
   <div class='ocr_carea' id='block_1_1' title="bbox 791 58 834 96">
    <p class='ocr_par' dir='ltr' id='par_1_1' title="bbox 791 58 834 96">
     <span class='ocr_line' id='line_1_1' title="bbox 791 58 834 96; baseline -0.023 0"><span class='ocrx_word' id='word_1_1' title='bbox 791 58 834 96; x_wconf 67' lang='lat'><strong>54</strong></span> 
     </span>
    </p>
   </div>
   <div class='ocr_carea' id='block_1_2' title="bbox 190 176 1428 411">
    <p class='ocr_par' dir='ltr' id='par_1_2' title="bbox 190 176 1428 411">
     <span class='ocr_line' id='line_1_2' title="bbox 191 176 1428 216; baseline 0.001 -9"><span class='ocrx_word' id='word_1_2' title='bbox 191 179 326 215; x_wconf 81' lang='lat' dir='ltr'><strong>perator</strong></span> <span class='ocrx_word' id='word_1_3' title='bbox 346 176 433 207; x_wconf 86' lang='lat' dir='ltr'><strong>bello</strong></span> <span class='ocrx_word' id='word_1_4' title='bbox 448 176 592 216; x_wconf 84' lang='lat' dir='ltr'><strong>gerendo</strong></span> <span class='ocrx_word' id='word_1_5' title='bbox 608 180 739 208; x_wconf 87' lang='lat' dir='ltr'><strong>creatus</strong></span> <span class='ocrx_word' id='word_1_6' title='bbox 755 180 814 215; x_wconf 86' lang='lat' dir='ltr'><strong>est,</strong></span> <span class='ocrx_word' id='word_1_7' title='bbox 837 185 1029 216; x_wconf 88' lang='lat' dir='ltr'><strong>quamquam</strong></span> <span class='ocrx_word' id='word_1_8' title='bbox 1043 176 1252 208; x_wconf 82' lang='lat' dir='ltr'><strong>Mithridates</strong></span> <span class='ocrx_word' id='word_1_9' title='bbox 1266 178 1330 208; x_wconf 90' lang='lat' dir='ltr'><strong>iam</strong></span> <span class='ocrx_word' id='word_1_10' title='bbox 1345 186 1373 209; x_wconf 88' lang='lat' dir='ltr'><strong>a.</strong></span> <span class='ocrx_word' id='word_1_11' title='bbox 1389 177 1428 208; x_wconf 83' lang='lat'><strong>88</strong></span> 
     </span>
     <span class='ocr_line' id='line_1_3' title="bbox 190 225 1428 265; baseline 0.001 -8"><span class='ocrx_word' id='word_1_12' title='bbox 190 226 293 265; x_wconf 87' lang='lat' dir='ltr'><strong>primo</strong></span> <span class='ocrx_word' id='word_1_13' title='bbox 308 235 387 257; x_wconf 89' lang='lat' dir='ltr'><strong>vere</strong></span> <span class='ocrx_word' id='word_1_14' title='bbox 409 226 497 257; x_wconf 89' lang='lat' dir='ltr'><strong>ultro</strong></span> <span class='ocrx_word' id='word_1_15' title='bbox 518 226 638 257; x_wconf 73' lang='lat' dir='ltr'><strong>bellum</strong></span> <span class='ocrx_word' id='word_1_16' title='bbox 659 226 878 257; x_wconf 88' lang='lat' dir='ltr'><strong>Romanorum</strong></span> <span class='ocrx_word' id='word_1_17' title='bbox 900 225 1034 257; x_wconf 90' lang='lat' dir='ltr'><strong>ducibus</strong></span> <span class='ocrx_word' id='word_1_18' title='bbox 1055 225 1168 257; x_wconf 86' lang='lat' dir='ltr'><strong>intulit</strong></span> <span class='ocrx_word' id='word_1_19' title='bbox 1176 226 1209 264; x_wconf 88' lang='lat'><strong>¹).</strong></span> <span class='ocrx_word' id='word_1_20' title='bbox 1241 226 1303 258; x_wconf 90' lang='lat' dir='ltr'><strong>Ille</strong></span> <span class='ocrx_word' id='word_1_21' title='bbox 1319 229 1428 258; x_wconf 85' lang='lat' dir='ltr'><strong>autem</strong></span> 
     </span>
     <span class='ocr_line' id='line_1_4' title="bbox 191 274 1428 313; baseline 0.002 -9"><span class='ocrx_word' id='word_1_22' title='bbox 191 283 295 305; x_wconf 87' lang='lat' dir='ltr'><strong>annus</strong></span> <span class='ocrx_word' id='word_1_23' title='bbox 317 275 505 313; x_wconf 83' lang='lat' dir='ltr'><strong>neutiquam</strong></span> <span class='ocrx_word' id='word_1_24' title='bbox 534 284 604 305; x_wconf 90' lang='lat' dir='ltr'><strong>cum</strong></span> <span class='ocrx_word' id='word_1_25' title='bbox 632 275 705 306; x_wconf 91' lang='lat' dir='ltr'><strong>aliis</strong></span> <span class='ocrx_word' id='word_1_26' title='bbox 727 284 747 305; x_wconf 88' lang='lat' dir='ltr'><strong>a</strong></span> <span class='ocrx_word' id='word_1_27' title='bbox 767 274 878 313; x_wconf 85' lang='lat' dir='ltr'><strong>Trogo</strong></span> <span class='ocrx_word' id='word_1_28' title='bbox 900 274 1065 305; x_wconf 89' lang='lat' dir='ltr'><strong>nobiscum</strong></span> <span class='ocrx_word' id='word_1_29' title='bbox 1092 275 1333 306; x_wconf 87' lang='lat' dir='ltr'><strong>communicatis</strong></span> <span class='ocrx_word' id='word_1_30' title='bbox 1355 284 1428 306; x_wconf 91' lang='lat' dir='ltr'><strong>con-</strong></span> 
     </span>
     <span class='ocr_line' id='line_1_5' title="bbox 190 321 1427 362; baseline 0.002 -9"><span class='ocrx_word' id='word_1_31' title='bbox 190 322 279 354; x_wconf 87' lang='lat' dir='ltr'><strong>cinit.</strong></span> <span class='ocrx_word' id='word_1_32' title='bbox 321 322 404 354; x_wconf 89' lang='lat' dir='ltr'><strong>Nam</strong></span> <span class='ocrx_word' id='word_1_33' title='bbox 435 323 521 354; x_wconf 84' lang='lat' dir='ltr'><strong>bello</strong></span> <span class='ocrx_word' id='word_1_34' title='bbox 553 322 704 361; x_wconf 82' lang='lat' dir='ltr'><strong>Marsico,</strong></span> <span class='ocrx_word' id='word_1_35' title='bbox 736 322 768 353; x_wconf 93' lang='lat' dir='ltr'><strong>in</strong></span> <span class='ocrx_word' id='word_1_36' title='bbox 800 331 861 361; x_wconf 88' lang='lat' dir='ltr'><strong>quo</strong></span> <span class='ocrx_word' id='word_1_37' title='bbox 892 322 952 353; x_wconf 88' lang='lat' dir='ltr'><strong>hoc</strong></span> <span class='ocrx_word' id='word_1_38' title='bbox 977 321 1048 361; x_wconf 90' lang='lat' dir='ltr'><strong>ipso</strong></span> <span class='ocrx_word' id='word_1_39' title='bbox 1075 325 1220 362; x_wconf 88' lang='lat' dir='ltr'><strong>tempore</strong></span> <span class='ocrx_word' id='word_1_40' title='bbox 1241 323 1427 355; x_wconf 86' lang='lat' dir='ltr'><strong>universam</strong></span> 
     </span>
     <span class='ocr_line' id='line_1_6' title="bbox 190 371 1428 411; baseline 0.002 -10"><span class='ocrx_word' id='word_1_41' title='bbox 190 371 323 401; x_wconf 87' lang='lat' dir='ltr'><strong>Italiam</strong></span> <span class='ocrx_word' id='word_1_42' title='bbox 345 372 590 402; x_wconf 76' lang='lat' dir='ltr'>consurrexisse</span> <span class='ocrx_word' id='word_1_43' title='bbox 612 380 676 401; x_wconf 90' lang='lat' dir='ltr'><strong>non</strong></span> <span class='ocrx_word' id='word_1_44' title='bbox 696 374 764 401; x_wconf 90' lang='lat' dir='ltr'><strong>tam</strong></span> <span class='ocrx_word' id='word_1_45' title='bbox 786 371 982 408; x_wconf 86' lang='lat' dir='ltr'><strong>libertatem,</strong></span> <span class='ocrx_word' id='word_1_46' title='bbox 1004 371 1280 411; x_wconf 15' lang='lat' dir='ltr'><strong>sedrconsortium</strong></span> <span class='ocrx_word' id='word_1_47' title='bbox 1301 372 1428 411; x_wconf 86' lang='lat' dir='ltr'><strong>imperii</strong></span> 
     </span>
    </p>
   </div>
   <div class='ocr_carea' id='block_1_3' title="bbox 190 419 1461 458">
    <p class='ocr_par' dir='ltr' id='par_1_3' title="bbox 190 419 1461 458">
     <span class='ocr_line' id='line_1_7' title="bbox 190 419 1461 458; baseline 0.002 -9"><span class='ocrx_word' id='word_1_48' title='bbox 190 419 399 457; x_wconf 87' lang='lat' dir='ltr'><strong>civitatisque</strong></span> <span class='ocrx_word' id='word_1_49' title='bbox 420 423 607 457; x_wconf 83' lang='lat' dir='ltr'><strong>poscentem</strong></span> <span class='ocrx_word' id='word_1_50' title='bbox 634 427 693 449; x_wconf 86' lang='lat' dir='ltr'><strong>rex</strong></span> <span class='ocrx_word' id='word_1_51' title='bbox 720 419 872 456; x_wconf 81' lang='lat' dir='ltr'><strong>affirmat,</strong></span> <span class='ocrx_word' id='word_1_52' title='bbox 898 419 972 457; x_wconf 82' lang='lat' dir='ltr'><strong>lege</strong></span> <span class='ocrx_word' id='word_1_53' title='bbox 999 419 1133 449; x_wconf 86' lang='lat' dir='ltr'><strong>Plautia</strong></span> <span class='ocrx_word' id='word_1_54' title='bbox 1159 420 1317 458; x_wconf 89' lang='lat' dir='ltr'><strong>principio</strong></span> <span class='ocrx_word' id='word_1_55' title='bbox 1340 429 1367 451; x_wconf 89' lang='lat' dir='ltr'><strong>a.</strong></span> <span class='ocrx_word' id='word_1_56' title='bbox 1389 420 1428 451; x_wconf 84' lang='lat'><strong>89</strong></span> <span class='ocrx_word' id='word_1_57' title='bbox 1457 439 1461 442; x_wconf 99' lang='lat'>-</span> 
     </span>
    </p>
   </div>
   <div class='ocr_carea' id='block_1_4' title="bbox 189 466 1428 556">
    <p class='ocr_par' dir='ltr' id='par_1_4' title="bbox 189 466 1428 556">
     <span class='ocr_line' id='line_1_8' title="bbox 189 466 1427 514; baseline 0.002 -17"><span class='ocrx_word' id='word_1_58' title='bbox 189 475 291 507; x_wconf 80' lang='lat' dir='ltr'>prope</span> <span class='ocrx_word' id='word_1_59' title='bbox 313 466 490 506; x_wconf 88' lang='lat' dir='ltr'><strong>composito</strong></span> <span class='ocrx_word' id='word_1_60' title='bbox 511 466 609 506; x_wconf 88' lang='lat' dir='ltr'><strong>paulo</strong></span> <span class='ocrx_word' id='word_1_61' title='bbox 631 469 707 514; x_wconf 81' lang='lat' dir='ltr'><strong>post</strong></span> <span class='ocrx_word' id='word_1_62' title='bbox 735 466 852 498; x_wconf 80' lang='lat' dir='ltr'><strong>seditio</strong></span> <span class='ocrx_word' id='word_1_63' title='bbox 880 466 1043 498; x_wconf 81' lang='lat' dir='ltr'><strong>conticuit.</strong></span> <span class='ocrx_word' id='word_1_64' title='bbox 1085 466 1225 507; x_wconf 79' lang='lat' dir='ltr'><strong>Magnus</strong></span> <span class='ocrx_word' id='word_1_65' title='bbox 1252 470 1304 499; x_wconf 88' lang='lat' dir='ltr'><strong>est</strong></span> <span class='ocrx_word' id='word_1_66' title='bbox 1328 477 1427 508; x_wconf 91' lang='lat' dir='ltr'><strong>porro</strong></span> 
     </span>
     <span class='ocr_line' id='line_1_9' title="bbox 190 515 1428 556; baseline 0.002 -10"><span class='ocrx_word' id='word_1_67' title='bbox 190 525 284 546; x_wconf 89' lang='lat' dir='ltr'><strong>error</strong></span> <span class='ocrx_word' id='word_1_68' title='bbox 304 515 507 546; x_wconf 87' lang='lat' dir='ltr'><strong>Mithridatis</strong></span> <span class='ocrx_word' id='word_1_69' title='bbox 532 515 628 546; x_wconf 86' lang='lat' dir='ltr'><strong>simul</strong></span> <span class='ocrx_word' id='word_1_70' title='bbox 643 515 792 547; x_wconf 88' lang='lat' dir='ltr'><strong>Cimbros</strong></span> <span class='ocrx_word' id='word_1_71' title='bbox 806 516 982 546; x_wconf 87' lang='lat' dir='ltr'><strong>inundasse</strong></span> <span class='ocrx_word' id='word_1_72' title='bbox 996 516 1129 547; x_wconf 82' lang='lat' dir='ltr'><strong>Italiam</strong></span> <span class='ocrx_word' id='word_1_73' title='bbox 1144 517 1316 555; x_wconf 79' lang='lat' dir='ltr'><strong>censentis,</strong></span> <span class='ocrx_word' id='word_1_74' title='bbox 1339 525 1428 556; x_wconf 88' lang='lat' dir='ltr'><strong>quos,</strong></span> 
     </span>
    </p>
   </div>
   <div class='ocr_carea' id='block_1_5' title="bbox 189 563 1469 605">
    <p class='ocr_par' dir='ltr' id='par_1_5' title="bbox 189 563 1469 605">
     <span class='ocr_line' id='line_1_10' title="bbox 189 563 1469 605; baseline 0.002 -11"><span class='ocrx_word' id='word_1_75' title='bbox 189 572 258 594; x_wconf 87' lang='lat' dir='ltr'><strong>cum</strong></span> <span class='ocrx_word' id='word_1_76' title='bbox 281 563 391 595; x_wconf 88' lang='lat' dir='ltr'><strong>varios</strong></span> <span class='ocrx_word' id='word_1_77' title='bbox 413 563 577 594; x_wconf 87' lang='lat' dir='ltr'><strong>exercitus</strong></span> <span class='ocrx_word' id='word_1_78' title='bbox 592 563 811 595; x_wconf 88' lang='lat' dir='ltr'><strong>Romanorum</strong></span> <span class='ocrx_word' id='word_1_79' title='bbox 832 563 1003 602; x_wconf 84' lang='lat' dir='ltr'><strong>fudissent,</strong></span> <span class='ocrx_word' id='word_1_80' title='bbox 1025 573 1053 595; x_wconf 85' lang='lat' dir='ltr'><strong>a.</strong></span> <span class='ocrx_word' id='word_1_81' title='bbox 1069 563 1172 595; x_wconf 88' lang='lat' dir='ltr'><strong>Mario</strong></span> <span class='ocrx_word' id='word_1_82' title='bbox 1195 574 1222 596; x_wconf 85' lang='lat' dir='ltr'><strong>a.</strong></span> <span class='ocrx_word' id='word_1_83' title='bbox 1238 564 1292 596; x_wconf 93' lang='lat'><strong>101</strong></span> <span class='ocrx_word' id='word_1_84' title='bbox 1310 573 1423 596; x_wconf 84' lang='lat' dir='ltr'><strong>caesos</strong></span> <span class='ocrx_word' id='word_1_85' title='bbox 1466 602 1469 605; x_wconf 20' lang='lat'><em>4</em></span> 
     </span>
    </p>
   </div>
   <div class='ocr_carea' id='block_1_6' title="bbox 187 611 1428 1956">
    <p class='ocr_par' dir='ltr' id='par_1_6' title="bbox 188 611 1428 1271">
     <span class='ocr_line' id='line_1_11' title="bbox 190 611 1426 653; baseline 0.002 -11"><span class='ocrx_word' id='word_1_86' title='bbox 190 621 262 643; x_wconf 87' lang='lat' dir='ltr'><strong>esse</strong></span> <span class='ocrx_word' id='word_1_87' title='bbox 284 621 322 643; x_wconf 91' lang='lat' dir='ltr'><strong>ac</strong></span> <span class='ocrx_word' id='word_1_88' title='bbox 343 620 447 651; x_wconf 88' lang='lat' dir='ltr'><strong>paene</strong></span> <span class='ocrx_word' id='word_1_89' title='bbox 469 611 594 643; x_wconf 89' lang='lat' dir='ltr'><strong>deletos</strong></span> <span class='ocrx_word' id='word_1_90' title='bbox 615 611 702 643; x_wconf 88' lang='lat' dir='ltr'><strong>inter</strong></span> <span class='ocrx_word' id='word_1_91' title='bbox 724 621 832 643; x_wconf 87' lang='lat' dir='ltr'><strong>omnes</strong></span> <span class='ocrx_word' id='word_1_92' title='bbox 854 614 991 644; x_wconf 89' lang='lat' dir='ltr'><strong>constat.</strong></span> <span class='ocrx_word' id='word_1_93' title='bbox 1024 612 1070 643; x_wconf 88' lang='lat' dir='ltr'><strong>Et</strong></span> <span class='ocrx_word' id='word_1_94' title='bbox 1090 612 1224 644; x_wconf 82' lang='lat' dir='ltr'><strong>Italiam</strong></span> <span class='ocrx_word' id='word_1_95' title='bbox 1244 622 1333 644; x_wconf 88' lang='lat' dir='ltr'><strong>more</strong></span> <span class='ocrx_word' id='word_1_96' title='bbox 1353 622 1426 653; x_wconf 91' lang='lat' dir='ltr'><strong>pro-</strong></span> 
     </span>
     <span class='ocr_line' id='line_1_12' title="bbox 190 660 1428 700; baseline 0.002 -10"><span class='ocrx_word' id='word_1_97' title='bbox 190 660 293 691; x_wconf 85' lang='lat' dir='ltr'><strong>cellae</strong></span> <span class='ocrx_word' id='word_1_98' title='bbox 314 660 580 691; x_wconf 78' lang='lat' dir='ltr'><strong>inundaverunt?</strong></span> <span class='ocrx_word' id='word_1_99' title='bbox 611 660 831 698; x_wconf 83' lang='lat' dir='ltr'><strong>Mithridates,</strong></span> <span class='ocrx_word' id='word_1_100' title='bbox 853 661 881 692; x_wconf 92' lang='lat' dir='ltr'><strong>si</strong></span> <span class='ocrx_word' id='word_1_101' title='bbox 901 661 1031 692; x_wconf 89' lang='lat' dir='ltr'><strong>illorum</strong></span> <span class='ocrx_word' id='word_1_102' title='bbox 1052 661 1150 692; x_wconf 90' lang='lat' dir='ltr'><strong>trium</strong></span> <span class='ocrx_word' id='word_1_103' title='bbox 1165 662 1332 700; x_wconf 89' lang='lat' dir='ltr'><strong>bellorum,</strong></span> <span class='ocrx_word' id='word_1_104' title='bbox 1355 661 1428 700; x_wconf 84' lang='lat' dir='ltr'><strong>,etsi</strong></span> 
     </span>
     <span class='ocr_line' id='line_1_13' title="bbox 190 708 1424 749; baseline 0.001 -10"><span class='ocrx_word' id='word_1_105' title='bbox 190 709 321 747; x_wconf 86' lang='lat' dir='ltr'><strong>singula</strong></span> <span class='ocrx_word' id='word_1_106' title='bbox 342 708 506 739; x_wconf 84' lang='lat' dir='ltr'><strong>sustinere</strong></span> <span class='ocrx_word' id='word_1_107' title='bbox 528 708 667 739; x_wconf 88' lang='lat' dir='ltr'><strong>Romani</strong></span> <span class='ocrx_word' id='word_1_108' title='bbox 688 712 832 747; x_wconf 85' lang='lat' dir='ltr'><strong>possent,</strong></span> <span class='ocrx_word' id='word_1_109' title='bbox 854 709 1018 740; x_wconf 86' lang='lat' dir='ltr'><strong>universis</strong></span> <span class='ocrx_word' id='word_1_110' title='bbox 1045 712 1154 740; x_wconf 90' lang='lat' dir='ltr'><strong>tamen</strong></span> <span class='ocrx_word' id='word_1_111' title='bbox 1181 709 1282 740; x_wconf 87' lang='lat' dir='ltr'><strong>obrui‘</strong></span> <span class='ocrx_word' id='word_1_112' title='bbox 1314 712 1424 749; x_wconf 89' lang='lat' dir='ltr'><strong>protu-</strong></span> 
     </span>
     <span class='ocr_line' id='line_1_14' title="bbox 188 756 1428 797; baseline 0.001 -10"><span class='ocrx_word' id='word_1_113' title='bbox 188 756 293 795; x_wconf 64' lang='lat' dir='ltr'><strong>lisset,</strong></span> <span class='ocrx_word' id='word_1_114' title='bbox 316 757 588 795; x_wconf 82' lang='lat' dir='ltr'><strong>arrogantissime</strong></span> <span class='ocrx_word' id='word_1_115' title='bbox 610 760 698 787; x_wconf 87' lang='lat' dir='ltr'><strong>esset</strong></span> <span class='ocrx_word' id='word_1_116' title='bbox 725 756 907 787; x_wconf 85' lang='lat' dir='ltr'><strong>ementitus.</strong></span> <span class='ocrx_word' id='word_1_117' title='bbox 950 756 1070 788; x_wconf 86' lang='lat' dir='ltr'><strong>Tribus</strong></span> <span class='ocrx_word' id='word_1_118' title='bbox 1099 757 1269 797; x_wconf 88' lang='lat' dir='ltr'><strong>superavit</strong></span> <span class='ocrx_word' id='word_1_119' title='bbox 1293 758 1428 797; x_wconf 89' lang='lat' dir='ltr'><strong>proeliis</strong></span> 
     </span>
     <span class='ocr_line' id='line_1_15' title="bbox 189 804 1428 845; baseline 0.001 -9"><span class='ocrx_word' id='word_1_120' title='bbox 189 805 339 845; x_wconf 87' lang='lat' dir='ltr'><strong>Pyrrhus</strong></span> <span class='ocrx_word' id='word_1_121' title='bbox 354 804 541 836; x_wconf 79' lang='lat' dir='ltr'><strong>Romanos?</strong></span> <span class='ocrx_word' id='word_1_122' title='bbox 577 805 682 835; x_wconf 85' lang='lat' dir='ltr'><strong>Multa</strong></span> <span class='ocrx_word' id='word_1_123' title='bbox 702 805 805 843; x_wconf 83' lang='lat' dir='ltr'><strong>igitur</strong></span> <span class='ocrx_word' id='word_1_124' title='bbox 827 805 876 836; x_wconf 91' lang='lat' dir='ltr'><strong>rei</strong></span> <span class='ocrx_word' id='word_1_125' title='bbox 898 806 1148 844; x_wconf 82' lang='lat' dir='ltr'><strong>exaggerendae</strong></span> <span class='ocrx_word' id='word_1_126' title='bbox 1170 815 1269 837; x_wconf 89' lang='lat' dir='ltr'><strong>causa</strong></span> <span class='ocrx_word' id='word_1_127' title='bbox 1284 806 1428 837; x_wconf 88' lang='lat' dir='ltr'><strong>admixta</strong></span> 
     </span>
     <span class='ocr_line' id='line_1_16' title="bbox 188 852 1428 892; baseline -0.001 -7"><span class='ocrx_word' id='word_1_128' title='bbox 188 854 345 885; x_wconf 88' lang='lat' dir='ltr'><strong>videmus.</strong></span> <span class='ocrx_word' id='word_1_129' title='bbox 386 853 419 884; x_wconf 90' lang='lat' dir='ltr'>A</span> <span class='ocrx_word' id='word_1_130' title='bbox 451 852 698 890; x_wconf 72' lang='lat' dir='ltr'><strong>Mitliridate?²)</strong></span> <span class='ocrx_word' id='word_1_131' title='bbox 741 853 869 884; x_wconf 87' lang='lat' dir='ltr'><strong>Deinde</strong></span> <span class='ocrx_word' id='word_1_132' title='bbox 902 853 1006 884; x_wconf 87' lang='lat' dir='ltr'><strong>additi</strong></span> <span class='ocrx_word' id='word_1_133' title='bbox 1037 856 1106 884; x_wconf 88' lang='lat' dir='ltr'><strong>tres</strong></span> <span class='ocrx_word' id='word_1_134' title='bbox 1138 857 1171 884; x_wconf 90' lang='lat' dir='ltr'><strong>et</strong></span> <span class='ocrx_word' id='word_1_135' title='bbox 1202 853 1321 892; x_wconf 88' lang='lat' dir='ltr'><strong>viginti</strong></span> <span class='ocrx_word' id='word_1_136' title='bbox 1352 854 1428 885; x_wconf 90' lang='lat' dir='ltr'><strong>anni</strong></span> 
     </span>
     <span class='ocr_line' id='line_1_17' title="bbox 192 901 1424 941; baseline 0.002 -9"><span class='ocrx_word' id='word_1_137' title='bbox 192 901 398 939; x_wconf 86' lang='lat' dir='ltr'>(XXXVIII</span> <span class='ocrx_word' id='word_1_138' title='bbox 419 901 494 939; x_wconf 80' lang='grc'><strong>8,1)</strong></span> <span class='ocrx_word' id='word_1_139' title='bbox 518 910 602 931; x_wconf 85' lang='lat' dir='ltr'><strong>anno</strong></span> <span class='ocrx_word' id='word_1_140' title='bbox 624 901 662 932; x_wconf 76' lang='lat'><strong>87</strong></span> <span class='ocrx_word' id='word_1_141' title='bbox 684 901 830 932; x_wconf 79' lang='lat' dir='ltr'><strong>efficiunt</strong></span> <span class='ocrx_word' id='word_1_142' title='bbox 852 910 970 932; x_wconf 86' lang='lat' dir='ltr'><strong>annum</strong></span> <span class='ocrx_word' id='word_1_143' title='bbox 992 901 1058 940; x_wconf 89' lang='lat'><strong>110,</strong></span> <span class='ocrx_word' id='word_1_144' title='bbox 1081 910 1174 940; x_wconf 86' lang='lat' dir='ltr'><strong>quem</strong></span> <span class='ocrx_word' id='word_1_145' title='bbox 1194 902 1330 941; x_wconf 90' lang='lat' dir='ltr'><strong>primum</strong></span> <span class='ocrx_word' id='word_1_146' title='bbox 1352 912 1424 934; x_wconf 85' lang='lat' dir='ltr'><strong>esse</strong></span> 
     </span>
     <span class='ocr_line' id='line_1_18' title="bbox 190 949 1428 989; baseline 0.001 -8"><span class='ocrx_word' id='word_1_147' title='bbox 190 950 310 989; x_wconf 87' lang='lat' dir='ltr'><strong>sumpti</strong></span> <span class='ocrx_word' id='word_1_148' title='bbox 336 950 431 988; x_wconf 86' lang='lat' dir='ltr'><strong>regni</strong></span> <span class='ocrx_word' id='word_1_149' title='bbox 453 950 546 980; x_wconf 88' lang='lat' dir='ltr'><strong>nobis</strong></span> <span class='ocrx_word' id='word_1_150' title='bbox 573 950 648 980; x_wconf 89' lang='lat' dir='ltr'><strong>inde</strong></span> <span class='ocrx_word' id='word_1_151' title='bbox 671 949 903 980; x_wconf 84' lang='lat' dir='ltr'><strong>coniiciendum</strong></span> <span class='ocrx_word' id='word_1_152' title='bbox 936 953 995 980; x_wconf 50' lang='lat' dir='ltr'><strong>est.</strong></span> <span class='ocrx_word' id='word_1_153' title='bbox 1036 950 1085 980; x_wconf 87' lang='lat' dir='ltr'><strong>At</strong></span> <span class='ocrx_word' id='word_1_154' title='bbox 1107 959 1185 981; x_wconf 86' lang='lat' dir='ltr'><strong>vero</strong></span> <span class='ocrx_word' id='word_1_155' title='bbox 1207 950 1335 982; x_wconf 86' lang='lat' dir='ltr'><strong>iniuria.</strong></span> <span class='ocrx_word' id='word_1_156' title='bbox 1376 951 1428 982; x_wconf 85' lang='lat' dir='ltr'><strong>Ex</strong></span> 
     </span>
     <span class='ocr_line' id='line_1_19' title="bbox 189 997 1427 1036; baseline 0 -7"><span class='ocrx_word' id='word_1_157' title='bbox 189 1003 336 1030; x_wconf 87' lang='lat' dir='ltr'><strong>veterum</strong></span> <span class='ocrx_word' id='word_1_158' title='bbox 364 998 447 1028; x_wconf 88' lang='lat' dir='ltr'><strong>enim</strong></span> <span class='ocrx_word' id='word_1_159' title='bbox 480 998 674 1028; x_wconf 84' lang='lat' dir='ltr'><strong>testimoniis</strong></span> <span class='ocrx_word' id='word_1_160' title='bbox 706 998 768 1027; x_wconf 86' lang='lat' dir='ltr'><strong>fide</strong></span> <span class='ocrx_word' id='word_1_161' title='bbox 800 997 982 1036; x_wconf 76' lang='lat' dir='ltr'><strong>ponderata</strong></span> <span class='ocrx_word' id='word_1_162' title='bbox 1009 1001 1042 1028; x_wconf 87' lang='lat' dir='ltr'><strong>et</strong></span> <span class='ocrx_word' id='word_1_163' title='bbox 1064 1007 1103 1028; x_wconf 84' lang='lat' dir='ltr'><strong>ex</strong></span> <span class='ocrx_word' id='word_1_164' title='bbox 1134 999 1270 1029; x_wconf 79' lang='lat' dir='ltr'><strong>nummis</strong></span> <span class='ocrx_word' id='word_1_165' title='bbox 1300 999 1427 1029; x_wconf 92' lang='lat' dir='ltr'><strong>initium</strong></span> 
     </span>
     <span class='ocr_line' id='line_1_20' title="bbox 188 1044 1427 1087; baseline 0.001 -10"><span class='ocrx_word' id='word_1_166' title='bbox 188 1046 284 1085; x_wconf 87' lang='lat' dir='ltr'><strong>regni</strong></span> <span class='ocrx_word' id='word_1_167' title='bbox 298 1044 601 1083; x_wconf 47' lang='lat' dir='ltr'><strong>Woltersdorfiuff)</strong></span> <span class='ocrx_word' id='word_1_168' title='bbox 619 1048 772 1076; x_wconf 86' lang='lat' dir='ltr'><strong>accurate</strong></span> <span class='ocrx_word' id='word_1_169' title='bbox 787 1045 883 1084; x_wconf 83' lang='lat' dir='ltr'><strong>eruit,</strong></span> <span class='ocrx_word' id='word_1_170' title='bbox 906 1054 933 1076; x_wconf 86' lang='lat' dir='ltr'><strong>a.</strong></span> <span class='ocrx_word' id='word_1_171' title='bbox 950 1045 1007 1076; x_wconf 80' lang='lat'><strong>120</strong></span> <span class='ocrx_word' id='word_1_172' title='bbox 1022 1045 1223 1077; x_wconf 88' lang='lat' dir='ltr'><strong>constituens</strong></span> <span class='ocrx_word' id='word_1_173' title='bbox 1246 1049 1303 1077; x_wconf 85' lang='lat' dir='ltr'><strong>aut</strong></span> <span class='ocrx_word' id='word_1_174' title='bbox 1317 1055 1345 1078; x_wconf 90' lang='lat' dir='ltr'><strong>a.</strong></span> <span class='ocrx_word' id='word_1_175' title='bbox 1362 1046 1427 1087; x_wconf 86' lang='lat'><strong>112,</strong></span> 
     </span>
     <span class='ocr_line' id='line_1_21' title="bbox 189 1094 1428 1135; baseline 0 -9"><span class='ocrx_word' id='word_1_176' title='bbox 189 1096 244 1126; x_wconf 87' lang='lat' dir='ltr'><strong>ubi</strong></span> <span class='ocrx_word' id='word_1_177' title='bbox 265 1095 410 1135; x_wconf 86' lang='lat' dir='ltr'><strong>peractis</strong></span> <span class='ocrx_word' id='word_1_178' title='bbox 432 1094 464 1125; x_wconf 91' lang='lat' dir='ltr'><strong>in</strong></span> <span class='ocrx_word' id='word_1_179' title='bbox 487 1094 579 1125; x_wconf 84' lang='lat' dir='ltr'><strong>silvis</strong></span> <span class='ocrx_word' id='word_1_180' title='bbox 602 1097 724 1133; x_wconf 87' lang='lat' dir='ltr'><strong>septem</strong></span> <span class='ocrx_word' id='word_1_181' title='bbox 747 1095 841 1125; x_wconf 81' lang='lat' dir='ltr'><strong>annis</strong></span> <span class='ocrx_word' id='word_1_182' title='bbox 864 1095 969 1125; x_wconf 77' lang='lat' dir='ltr'><strong>tut-ela</strong></span> <span class='ocrx_word' id='word_1_183' title='bbox 991 1104 1025 1125; x_wconf 88' lang='lat' dir='ltr'><strong>se</strong></span> <span class='ocrx_word' id='word_1_184' title='bbox 1054 1095 1209 1127; x_wconf 85' lang='lat' dir='ltr'><strong>abdicans</strong></span> <span class='ocrx_word' id='word_1_185' title='bbox 1236 1096 1305 1135; x_wconf 88' lang='lat' dir='ltr'><strong>ipse</strong></span> <span class='ocrx_word' id='word_1_186' title='bbox 1332 1096 1428 1134; x_wconf 85' lang='lat' dir='ltr'><strong>regni</strong></span> 
     </span>
     <span class='ocr_line' id='line_1_22' title="bbox 189 1142 1428 1181; baseline 0.001 -8"><span class='ocrx_word' id='word_1_187' title='bbox 189 1143 503 1173; x_wconf 85' lang='lat' dir='ltr'><strong>administrationem</strong></span> <span class='ocrx_word' id='word_1_188' title='bbox 531 1151 589 1172; x_wconf 85' lang='lat' dir='ltr'><strong>rex</strong></span> <span class='ocrx_word' id='word_1_189' title='bbox 618 1142 770 1180; x_wconf 91' lang='lat' dir='ltr'><strong>suscepit.</strong></span> <span class='ocrx_word' id='word_1_190' title='bbox 811 1142 863 1172; x_wconf 88' lang='lat' dir='ltr'><strong>Ex</strong></span> <span class='ocrx_word' id='word_1_191' title='bbox 894 1142 944 1172; x_wconf 89' lang='lat' dir='ltr'><strong>his</strong></span> <span class='ocrx_word' id='word_1_192' title='bbox 978 1146 1116 1181; x_wconf 83' lang='lat' dir='ltr'><strong>apparet</strong></span> <span class='ocrx_word' id='word_1_193' title='bbox 1137 1143 1291 1181; x_wconf 84' lang='lat' dir='ltr'><strong>Trogum,</strong></span> <span class='ocrx_word' id='word_1_194' title='bbox 1323 1144 1428 1174; x_wconf 90' lang='lat' dir='ltr'><strong>virum</strong></span> 
     </span>
     <span class='ocr_line' id='line_1_23' title="bbox 188 1188 1427 1231; baseline 0.001 -9"><span class='ocrx_word' id='word_1_195' title='bbox 188 1191 316 1231; x_wconf 89' lang='lat' dir='ltr'><strong>priscae</strong></span> <span class='ocrx_word' id='word_1_196' title='bbox 331 1188 576 1229; x_wconf 80' lang='lat' dir='ltr'><strong>eloquentiae⁴)‚</strong></span> <span class='ocrx_word' id='word_1_197' title='bbox 604 1188 896 1228; x_wconf 73' lang='lat' dir='ltr'><strong>disertissimum⁷¹),</strong></span> <span class='ocrx_word' id='word_1_198' title='bbox 922 1190 1026 1229; x_wconf 86' lang='lat' dir='ltr'><strong>ipsam</strong></span> <span class='ocrx_word' id='word_1_199' title='bbox 1046 1190 1222 1222; x_wconf 87' lang='lat' dir='ltr'><strong>veritatem</strong></span> <span class='ocrx_word' id='word_1_200' title='bbox 1243 1200 1305 1222; x_wconf 89' lang='lat' dir='ltr'><strong>non</strong></span> <span class='ocrx_word' id='word_1_201' title='bbox 1322 1194 1427 1223; x_wconf 88' lang='lat' dir='ltr'><strong>custo-</strong></span> 
     </span>
     <span class='ocr_line' id='line_1_24' title="bbox 192 1239 1047 1271; baseline -0.001 0"><span class='ocrx_word' id='word_1_202' title='bbox 192 1241 332 1271; x_wconf 88' lang='lat' dir='ltr'><strong>dientem</strong></span> <span class='ocrx_word' id='word_1_203' title='bbox 355 1239 461 1270; x_wconf 87' lang='lat' dir='ltr'><strong>moliri</strong></span> <span class='ocrx_word' id='word_1_204' title='bbox 482 1239 626 1269; x_wconf 84' lang='lat' dir='ltr'><strong>voluisse</strong></span> <span class='ocrx_word' id='word_1_205' title='bbox 647 1239 844 1269; x_wconf 89' lang='lat' dir='ltr'><strong>rhetoricum</strong></span> <span class='ocrx_word' id='word_1_206' title='bbox 866 1239 1047 1270; x_wconf 84' lang='lat' dir='ltr'><strong>artificium.</strong></span> 
     </span>
    </p>

    <p class='ocr_par' dir='ltr' id='par_1_7' title="bbox 187 1287 1428 1956">
     <span class='ocr_line' id='line_1_25' title="bbox 269 1287 1427 1328; baseline 0.001 -9"><span class='ocrx_word' id='word_1_207' title='bbox 269 1288 334 1320; x_wconf 86' lang='lat' dir='ltr'><strong>Sed</strong></span> <span class='ocrx_word' id='word_1_208' title='bbox 355 1298 419 1319; x_wconf 89' lang='lat' dir='ltr'><strong>non</strong></span> <span class='ocrx_word' id='word_1_209' title='bbox 440 1287 545 1325; x_wconf 84' lang='lat' dir='ltr'><strong>magis</strong></span> <span class='ocrx_word' id='word_1_210' title='bbox 572 1287 702 1325; x_wconf 78' lang='lat' dir='ltr'><strong>Trogus</strong></span> <span class='ocrx_word' id='word_1_211' title='bbox 730 1287 911 1318; x_wconf 78' lang='lat' dir='ltr'><strong>orationem</strong></span> <span class='ocrx_word' id='word_1_212' title='bbox 940 1297 1034 1326; x_wconf 86' lang='lat' dir='ltr'><strong>quam</strong></span> <span class='ocrx_word' id='word_1_213' title='bbox 1052 1287 1229 1319; x_wconf 79' lang='lat' dir='ltr'><strong>Sallustius</strong></span> <span class='ocrx_word' id='word_1_214' title='bbox 1245 1289 1427 1328; x_wconf 89' lang='lat' dir='ltr'><strong>epistulam,</strong></span> 
     </span>
     <span class='ocr_line' id='line_1_26' title="bbox 189 1335 1428 1374; baseline 0.001 -7"><span class='ocrx_word' id='word_1_215' title='bbox 189 1339 226 1367; x_wconf 90' lang='lat' dir='ltr'><strong>ut</strong></span> <span class='ocrx_word' id='word_1_216' title='bbox 247 1336 335 1367; x_wconf 85' lang='lat' dir='ltr'><strong>dicta</strong></span> <span class='ocrx_word' id='word_1_217' title='bbox 357 1339 438 1374; x_wconf 85' lang='lat' dir='ltr'><strong>erat,</strong></span> <span class='ocrx_word' id='word_1_218' title='bbox 461 1339 538 1366; x_wconf 85' lang='lat' dir='ltr'><strong>ante</strong></span> <span class='ocrx_word' id='word_1_219' title='bbox 560 1335 669 1365; x_wconf 86' lang='lat' dir='ltr'><strong>oculos</strong></span> <span class='ocrx_word' id='word_1_220' title='bbox 690 1335 844 1365; x_wconf 78' lang='lat' dir='ltr'><strong>habuisse</strong></span> <span class='ocrx_word' id='word_1_221' title='bbox 873 1335 1038 1374; x_wconf 86' lang='lat' dir='ltr'><strong>putandus</strong></span> <span class='ocrx_word' id='word_1_222' title='bbox 1065 1338 1125 1373; x_wconf 86' lang='lat' dir='ltr'><strong>est,</strong></span> <span class='ocrx_word' id='word_1_223' title='bbox 1153 1344 1245 1374; x_wconf 87' lang='lat' dir='ltr'><strong>quem</strong></span> <span class='ocrx_word' id='word_1_224' title='bbox 1271 1345 1335 1367; x_wconf 88' lang='lat' dir='ltr'><strong>non</strong></span> <span class='ocrx_word' id='word_1_225' title='bbox 1362 1337 1428 1369; x_wconf 83' lang='lat' dir='ltr'><strong>alia</strong></span> 
     </span>
     <span class='ocr_line' id='line_1_27' title="bbox 189 1383 1427 1425; baseline 0.001 -9"><span class='ocrx_word' id='word_1_226' title='bbox 189 1385 351 1425; x_wconf 84' lang='lat' dir='ltr'><strong>epistulae</strong></span> <span class='ocrx_word' id='word_1_227' title='bbox 376 1384 495 1415; x_wconf 85' lang='lat' dir='ltr'><strong>notitia</strong></span> <span class='ocrx_word' id='word_1_228' title='bbox 521 1384 717 1414; x_wconf 86' lang='lat' dir='ltr'><strong>instructum</strong></span> <span class='ocrx_word' id='word_1_229' title='bbox 744 1392 815 1414; x_wconf 87' lang='lat' dir='ltr'><strong>esse</strong></span> <span class='ocrx_word' id='word_1_230' title='bbox 842 1383 1019 1414; x_wconf 89' lang='lat' dir='ltr'><strong>verisimile</strong></span> <span class='ocrx_word' id='word_1_231' title='bbox 1045 1383 1190 1422; x_wconf 85' lang='lat' dir='ltr'><strong>videtur,</strong></span> <span class='ocrx_word' id='word_1_232' title='bbox 1224 1394 1318 1423; x_wconf 89' lang='lat' dir='ltr'><strong>quam</strong></span> <span class='ocrx_word' id='word_1_233' title='bbox 1345 1394 1427 1424; x_wconf 84' lang='lat' dir='ltr'><strong>quae</strong></span> 
     </span>
     <span class='ocr_line' id='line_1_28' title="bbox 190 1431 1427 1472; baseline 0.001 -8"><span class='ocrx_word' id='word_1_234' title='bbox 190 1434 231 1465; x_wconf 87' lang='lat' dir='ltr'><strong>ad</strong></span> <span class='ocrx_word' id='word_1_235' title='bbox 258 1443 356 1464; x_wconf 88' lang='lat' dir='ltr'><strong>aures</strong></span> <span class='ocrx_word' id='word_1_236' title='bbox 382 1433 448 1464; x_wconf 87' lang='lat' dir='ltr'><strong>illis</strong></span> <span class='ocrx_word' id='word_1_237' title='bbox 475 1433 554 1471; x_wconf 83' lang='lat' dir='ltr'><strong>ipsis</strong></span> <span class='ocrx_word' id='word_1_238' title='bbox 581 1431 782 1470; x_wconf 87' lang='lat' dir='ltr'><strong>temporibus</strong></span> <span class='ocrx_word' id='word_1_239' title='bbox 809 1432 1033 1471; x_wconf 85' lang='lat' dir='ltr'><strong>perveniebat,</strong></span> <span class='ocrx_word' id='word_1_240' title='bbox 1065 1432 1128 1463; x_wconf 86' lang='lat' dir='ltr'><strong>nisi</strong></span> <span class='ocrx_word' id='word_1_241' title='bbox 1155 1433 1281 1464; x_wconf 88' lang='lat' dir='ltr'><strong>omnino</strong></span> <span class='ocrx_word' id='word_1_242' title='bbox 1302 1442 1427 1472; x_wconf 83' lang='lat' dir='ltr'><strong>negare</strong></span> 
     </span>
     <span class='ocr_line' id='line_1_29' title="bbox 189 1479 1426 1520; baseline 0 -7"><span class='ocrx_word' id='word_1_243' title='bbox 189 1482 284 1513; x_wconf 89' lang='lat' dir='ltr'><strong>malis</strong></span> <span class='ocrx_word' id='word_1_244' title='bbox 313 1490 453 1520; x_wconf 80' lang='lat' dir='ltr'><strong>unquam</strong></span> <span class='ocrx_word' id='word_1_245' title='bbox 481 1480 630 1511; x_wconf 85' lang='lat' dir='ltr'><strong>extitisse</strong></span> <span class='ocrx_word' id='word_1_246' title='bbox 658 1479 830 1518; x_wconf 83' lang='lat' dir='ltr'><strong>epistulam</strong></span> <span class='ocrx_word' id='word_1_247' title='bbox 853 1480 1113 1519; x_wconf 77' lang='lat' dir='ltr'><strong>chirographam.</strong></span> <span class='ocrx_word' id='word_1_248' title='bbox 1165 1480 1206 1511; x_wconf 88' lang='lat' dir='ltr'><strong>Id</strong></span> <span class='ocrx_word' id='word_1_249' title='bbox 1227 1484 1335 1512; x_wconf 83' lang='lat' dir='ltr'><strong>autem</strong></span> <span class='ocrx_word' id='word_1_250' title='bbox 1357 1491 1426 1513; x_wconf 88' lang='lat' dir='ltr'><strong>cum</strong></span> 
     </span>
     <span class='ocr_line' id='line_1_30' title="bbox 188 1528 1428 1571; baseline 0 -9"><span class='ocrx_word' id='word_1_251' title='bbox 188 1539 248 1570; x_wconf 87' lang='lat' dir='ltr'><strong>per</strong></span> <span class='ocrx_word' id='word_1_252' title='bbox 270 1540 305 1562; x_wconf 88' lang='lat' dir='ltr'><strong>se</strong></span> <span class='ocrx_word' id='word_1_253' title='bbox 335 1529 529 1561; x_wconf 81' lang='lat' dir='ltr'><strong>credendum</strong></span> <span class='ocrx_word' id='word_1_254' title='bbox 557 1531 608 1559; x_wconf 87' lang='lat' dir='ltr'><strong>est</strong></span> <span class='ocrx_word' id='word_1_255' title='bbox 639 1530 707 1558; x_wconf 92' lang='lat' dir='ltr'><strong>tum</strong></span> <span class='ocrx_word' id='word_1_256' title='bbox 738 1528 946 1558; x_wconf 85' lang='lat' dir='ltr'><strong>confirmatus</strong></span> <span class='ocrx_word' id='word_1_257' title='bbox 979 1529 1190 1566; x_wconf 83' lang='lat' dir='ltr'><strong>argumentis.</strong></span> <span class='ocrx_word' id='word_1_258' title='bbox 1242 1528 1428 1571; x_wconf 88' lang='lat' dir='ltr'><strong>Orationes,</strong></span> 
     </span>
     <span class='ocr_line' id='line_1_31' title="bbox 191 1576 1427 1617; baseline 0 -7"><span class='ocrx_word' id='word_1_259' title='bbox 191 1588 271 1617; x_wconf 88' lang='lat' dir='ltr'><strong>quas</strong></span> <span class='ocrx_word' id='word_1_260' title='bbox 293 1578 441 1610; x_wconf 85' lang='lat' dir='ltr'><strong>historiis</strong></span> <span class='ocrx_word' id='word_1_261' title='bbox 463 1576 709 1615; x_wconf 82' lang='lat' dir='ltr'><strong>interposuerit,</strong></span> <span class='ocrx_word' id='word_1_262' title='bbox 738 1585 777 1606; x_wconf 82' lang='lat' dir='ltr'><strong>ex</strong></span> <span class='ocrx_word' id='word_1_263' title='bbox 805 1585 863 1607; x_wconf 90' lang='lat' dir='ltr'><strong>suo</strong></span> <span class='ocrx_word' id='word_1_264' title='bbox 886 1576 1050 1607; x_wconf 80' lang='lat' dir='ltr'><strong>effinxisse</strong></span> <span class='ocrx_word' id='word_1_265' title='bbox 1077 1577 1207 1615; x_wconf 88' lang='lat' dir='ltr'><strong>ingenio</strong></span> <span class='ocrx_word' id='word_1_266' title='bbox 1236 1577 1427 1610; x_wconf 88' lang='lat' dir='ltr'><strong>Sallustium</strong></span> 
     </span>
     <span class='ocr_line' id='line_1_32' title="bbox 193 1624 1426 1666; baseline 0 -8"><span class='ocrx_word' id='word_1_267' title='bbox 193 1636 298 1666; x_wconf 86' lang='lat' dir='ltr'><strong>neque</strong></span> <span class='ocrx_word' id='word_1_268' title='bbox 320 1636 376 1658; x_wconf 83' lang='lat' dir='ltr'><strong>eas</strong></span> <span class='ocrx_word' id='word_1_269' title='bbox 393 1635 412 1657; x_wconf 88' lang='lat' dir='ltr'><strong>a</strong></span> <span class='ocrx_word' id='word_1_270' title='bbox 426 1625 517 1662; x_wconf 54' lang='lat' dir='ltr'><strong>viris</strong></span> <span class='ocrx_word' id='word_1_271' title='bbox 540 1633 619 1663; x_wconf 91' lang='lat' dir='ltr'><strong>quos</strong></span> <span class='ocrx_word' id='word_1_272' title='bbox 634 1624 725 1663; x_wconf 91' lang='lat' dir='ltr'><strong>velit,</strong></span> <span class='ocrx_word' id='word_1_273' title='bbox 746 1633 782 1655; x_wconf 89' lang='lat' dir='ltr'><strong>re</strong></span> <span class='ocrx_word' id='word_1_274' title='bbox 802 1633 883 1655; x_wconf 86' lang='lat' dir='ltr'><strong>vera</strong></span> <span class='ocrx_word' id='word_1_275' title='bbox 897 1624 1029 1655; x_wconf 84' lang='lat' dir='ltr'><strong>habitas</strong></span> <span class='ocrx_word' id='word_1_276' title='bbox 1044 1633 1116 1655; x_wconf 88' lang='lat' dir='ltr'><strong>esse</strong></span> <span class='ocrx_word' id='word_1_277' title='bbox 1131 1634 1267 1657; x_wconf 87' lang='lat' dir='ltr'><strong>censens</strong></span> <span class='ocrx_word' id='word_1_278' title='bbox 1283 1635 1303 1657; x_wconf 86' lang='lat' dir='ltr'><strong>a</strong></span> <span class='ocrx_word' id='word_1_279' title='bbox 1316 1627 1426 1658; x_wconf 90' lang='lat' dir='ltr'><strong>multis</strong></span> 
     </span>
     <span class='ocr_line' id='line_1_33' title="bbox 190 1672 1425 1713; baseline 0 -6"><span class='ocrx_word' id='word_1_280' title='bbox 190 1679 226 1707; x_wconf 87' lang='lat' dir='ltr'><strong>et</strong></span> <span class='ocrx_word' id='word_1_281' title='bbox 248 1676 352 1707; x_wconf 75' lang='lat' dir='ltr'><strong>doctis</strong></span> <span class='ocrx_word' id='word_1_282' title='bbox 374 1675 454 1706; x_wconf 90' lang='lat' dir='ltr'><strong>viris</strong></span> <span class='ocrx_word' id='word_1_283' title='bbox 478 1673 623 1704; x_wconf 80' lang='lat' dir='ltr'><strong>adiuvor.</strong></span> <span class='ocrx_word' id='word_1_284' title='bbox 665 1672 710 1703; x_wconf 88' lang='lat' dir='ltr'><strong>Et</strong></span> <span class='ocrx_word' id='word_1_285' title='bbox 731 1672 868 1703; x_wconf 80' lang='lat' dir='ltr'><strong>Baehrii</strong></span> <span class='ocrx_word' id='word_1_286' title='bbox 890 1673 1016 1711; x_wconf 90' lang='lat' dir='ltr'><strong>quidem</strong></span> <span class='ocrx_word' id='word_1_287' title='bbox 1039 1673 1139 1704; x_wconf 85' lang='lat' dir='ltr'><strong>affero</strong></span> <span class='ocrx_word' id='word_1_288' title='bbox 1165 1674 1312 1713; x_wconf 69' lang='lat' dir='ltr'><strong>verba⁶):</strong></span> <span class='ocrx_word' id='word_1_289' title='bbox 1336 1675 1425 1707; x_wconf 85' lang='lat' dir='ltr'><strong>diese</strong></span> 
     </span>
     <span class='ocr_line' id='line_1_34' title="bbox 189 1720 1426 1761; baseline -0.001 -5"><span class='ocrx_word' id='word_1_290' title='bbox 189 1724 304 1756; x_wconf 88' lang='lat' dir='ltr'><strong>Reden</strong></span> <span class='ocrx_word' id='word_1_291' title='bbox 327 1722 588 1761; x_wconf 80' lang='lat' dir='ltr'><strong>liervorgerufen</strong></span> <span class='ocrx_word' id='word_1_292' title='bbox 610 1721 712 1753; x_wconf 87' lang='lat' dir='ltr'><strong>durch</strong></span> <span class='ocrx_word' id='word_1_293' title='bbox 738 1721 797 1752; x_wconf 86' lang='lat' dir='ltr'><strong>das</strong></span> <span class='ocrx_word' id='word_1_294' title='bbox 819 1720 1031 1753; x_wconf 82' lang='lat' dir='ltr'><strong>Staatsleben</strong></span> <span class='ocrx_word' id='word_1_295' title='bbox 1058 1721 1116 1752; x_wconf 87' lang='lat' dir='ltr'><strong>der</strong></span> <span class='ocrx_word' id='word_1_296' title='bbox 1136 1721 1258 1754; x_wconf 83' lang='lat' dir='ltr'><strong>Ro’mer</strong></span> <span class='ocrx_word' id='word_1_297' title='bbox 1279 1724 1344 1755; x_wconf 91' lang='lat' dir='ltr'><strong>und</strong></span> <span class='ocrx_word' id='word_1_298' title='bbox 1365 1725 1426 1755; x_wconf 88' lang='lat' dir='ltr'><strong>den</strong></span> 
     </span>
     <span class='ocr_line' id='line_1_35' title="bbox 187 1769 1425 1811; baseline 0 -7"><span class='ocrx_word' id='word_1_299' title='bbox 187 1772 343 1811; x_wconf 86' lang='lat' dir='ltr'><strong>Einfluss‚</strong></span> <span class='ocrx_word' id='word_1_300' title='bbox 365 1772 428 1803; x_wconf 88' lang='lat' dir='ltr'><strong>den</strong></span> <span class='ocrx_word' id='word_1_301' title='bbox 450 1771 522 1802; x_wconf 87' lang='lat' dir='ltr'><strong>hier</strong></span> <span class='ocrx_word' id='word_1_302' title='bbox 543 1771 595 1802; x_wconf 87' lang='lat' dir='ltr'><strong>die</strong></span> <span class='ocrx_word' id='word_1_303' title='bbox 609 1769 861 1801; x_wconf 89' lang='lat' dir='ltr'><strong>Beredsamkeit</strong></span> <span class='ocrx_word' id='word_1_304' title='bbox 882 1769 941 1801; x_wconf 86' lang='lat' dir='ltr'><strong>auf</strong></span> <span class='ocrx_word' id='word_1_305' title='bbox 953 1770 1014 1801; x_wconf 88' lang='lat' dir='ltr'><strong>den</strong></span> <span class='ocrx_word' id='word_1_306' title='bbox 1030 1769 1127 1808; x_wconf 83' lang='lat' dir='ltr'><strong>Gang</strong></span> <span class='ocrx_word' id='word_1_307' title='bbox 1142 1770 1200 1802; x_wconf 87' lang='lat' dir='ltr'><strong>der</strong></span> <span class='ocrx_word' id='word_1_308' title='bbox 1215 1772 1425 1804; x_wconf 72' lang='lat' dir='ltr'><strong>offentlichen</strong></span> 
     </span>
     <span class='ocr_line' id='line_1_36' title="bbox 188 1818 1424 1861; baseline -0.001 -8"><span class='ocrx_word' id='word_1_309' title='bbox 188 1820 499 1861; x_wconf 87' lang='lat' dir='ltr'><strong>Angelegenheiten</strong></span> <span class='ocrx_word' id='word_1_310' title='bbox 522 1820 670 1857; x_wconf 82' lang='lat' dir='ltr'><strong>ausiibte,</strong></span> <span class='ocrx_word' id='word_1_311' title='bbox 693 1818 938 1849; x_wconf 78' lang='lat' dir='ltr'><strong>andei-entheils</strong></span> <span class='ocrx_word' id='word_1_312' title='bbox 961 1819 1040 1850; x_wconf 84' lang='lat' dir='ltr'><strong>aber</strong></span> <span class='ocrx_word' id='word_1_313' title='bbox 1062 1819 1144 1850; x_wconf 89' lang='lat' dir='ltr'><strong>auch</strong></span> <span class='ocrx_word' id='word_1_314' title='bbox 1167 1820 1216 1851; x_wconf 88' lang='lat' dir='ltr'><strong>als</strong></span> <span class='ocrx_word' id='word_1_315' title='bbox 1234 1821 1305 1852; x_wconf 89' lang='lat' dir='ltr'><strong>eine</strong></span> <span class='ocrx_word' id='word_1_316' title='bbox 1319 1821 1424 1860; x_wconf 76' lang='lat' dir='ltr'><strong>Folge</strong></span> 
     </span>
     <span class='ocr_line' id='line_1_37' title="bbox 188 1867 1426 1909; baseline 0 -8"><span class='ocrx_word' id='word_1_317' title='bbox 188 1871 246 1901; x_wconf 88' lang='lat' dir='ltr'><strong>der</strong></span> <span class='ocrx_word' id='word_1_318' title='bbox 278 1869 505 1900; x_wconf 86' lang='lat' dir='ltr'><strong>rhetorischen</strong></span> <span class='ocrx_word' id='word_1_319' title='bbox 532 1867 679 1905; x_wconf 75' lang='lat' dir='ltr'><strong>B&#39;ldung</strong></span> <span class='ocrx_word' id='word_1_320' title='bbox 710 1867 775 1897; x_wconf 89' lang='lat' dir='ltr'><strong>und</strong></span> <span class='ocrx_word' id='word_1_321' title='bbox 808 1867 865 1897; x_wconf 88' lang='lat' dir='ltr'><strong>des</strong></span> <span class='ocrx_word' id='word_1_322' title='bbox 896 1867 1100 1909; x_wconf 84' lang='lat' dir='ltr'><strong>immermehr</strong></span> <span class='ocrx_word' id='word_1_323' title='bbox 1130 1867 1426 1901; x_wconf 86' lang='lat' dir='ltr'><strong>hervortretenden</strong></span> 
     </span>
     <span class='ocr_line' id='line_1_38' title="bbox 188 1915 1426 1956; baseline 0 -6"><span class='ocrx_word' id='word_1_324' title='bbox 188 1917 357 1956; x_wconf 84' lang='lat' dir='ltr'><strong>Strebens,</strong></span> <span class='ocrx_word' id='word_1_325' title='bbox 391 1917 516 1948; x_wconf 87' lang='lat' dir='ltr'><strong>Werke</strong></span> <span class='ocrx_word' id='word_1_326' title='bbox 549 1924 590 1946; x_wconf 87' lang='lat' dir='ltr'><strong>zu</strong></span> <span class='ocrx_word' id='word_1_327' title='bbox 621 1915 748 1954; x_wconf 87' lang='lat' dir='ltr'><strong>liefern,</strong></span> <span class='ocrx_word' id='word_1_328' title='bbox 781 1915 833 1946; x_wconf 84' lang='lat' dir='ltr'><strong>dio</strong></span> <span class='ocrx_word' id='word_1_329' title='bbox 862 1915 945 1946; x_wconf 86' lang='lat' dir='ltr'><strong>auch</strong></span> <span class='ocrx_word' id='word_1_330' title='bbox 972 1915 1073 1947; x_wconf 87' lang='lat' dir='ltr'><strong>durch</strong></span> <span class='ocrx_word' id='word_1_331' title='bbox 1096 1915 1147 1947; x_wconf 87' lang='lat' dir='ltr'><strong>die</strong></span> <span class='ocrx_word' id='word_1_332' title='bbox 1167 1916 1267 1948; x_wconf 88' lang='lat' dir='ltr'><strong>Form</strong></span> <span class='ocrx_word' id='word_1_333' title='bbox 1287 1917 1358 1949; x_wconf 75' lang='lat' dir='ltr'><strong>und&#39;</strong></span> <span class='ocrx_word' id='word_1_334' title='bbox 1374 1918 1426 1950; x_wconf 87' lang='lat' dir='ltr'><strong>die</strong></span> 
     </span>
    </p>
   </div>
   <div class='ocr_carea' id='block_1_7' title="bbox 265 2056 1170 2140">
    <p class='ocr_par' dir='ltr' id='par_1_8' title="bbox 265 2056 1170 2140">
     <span class='ocr_line' id='line_1_39' title="bbox 578 2056 922 2078; baseline 0 -7"><span class='ocrx_word' id='word_1_335' title='bbox 578 2066 590 2071; x_wconf 92' lang='lat'><strong>..</strong></span> <span class='ocrx_word' id='word_1_336' title='bbox 760 2060 771 2078; x_wconf 71' lang='lat'>4</span> <span class='ocrx_word' id='word_1_337' title='bbox 920 2056 922 2059; x_wconf 41' lang='lat' dir='ltr'>v</span> 
     </span>
     <span class='ocr_line' id='line_1_40' title="bbox 265 2060 1170 2140; baseline -0.001 -8"><span class='ocrx_word' id='word_1_338' title='bbox 265 2063 288 2140; x_wconf 47' lang='grc' dir='ltr'><strong>ἐξ</strong></span> <span class='ocrx_word' id='word_1_339' title='bbox 309 2060 962 2136; x_wconf 45' lang='lat' dir='ltr'><strong>iistM‘izuiiliiinl‚123⁰Jn11Ge323Pnllr113fi12—8172</strong></span> <span class='ocrx_word' id='word_1_340' title='bbox 998 2100 1063 2130; x_wconf 78' lang='lat' dir='ltr'><strong>lune</strong></span> <span class='ocrx_word' id='word_1_341' title='bbox 1083 2100 1170 2131; x_wconf 80' lang='lat' dir='ltr'><strong>idem.</strong></span> 
     </span>
    </p>
   </div>
   <div class='ocr_carea' id='block_1_8' title="bbox 231 2129 1471 2179">
    <p class='ocr_par' dir='ltr' id='par_1_9' title="bbox 231 2129 1471 2179">
     <span class='ocr_line' id='line_1_41' title="bbox 231 2129 1471 2179; baseline 0.001 -9"><span class='ocrx_word' id='word_1_342' title='bbox 231 2140 234 2144; x_wconf 86' lang='lat'>&#39;</span> <span class='ocrx_word' id='word_1_343' title='bbox 266 2142 288 2178; x_wconf 84' lang='lat'><strong>³)</strong></span> <span class='ocrx_word' id='word_1_344' title='bbox 309 2147 412 2170; x_wconf 84' lang='lat' dir='ltr'><strong>comm.</strong></span> <span class='ocrx_word' id='word_1_345' title='bbox 426 2140 517 2168; x_wconf 82' lang='lat' dir='ltr'><strong>vitam</strong></span> <span class='ocrx_word' id='word_1_346' title='bbox 534 2138 714 2173; x_wconf 76' lang='lat' dir='ltr'><strong>Mithridatis</strong></span> <span class='ocrx_word' id='word_1_347' title='bbox 734 2138 774 2168; x_wconf 88' lang='lat' dir='ltr'><strong>M.</strong></span> <span class='ocrx_word' id='word_1_348' title='bbox 794 2147 846 2176; x_wconf 82' lang='lat' dir='ltr'><strong>per</strong></span> <span class='ocrx_word' id='word_1_349' title='bbox 865 2147 954 2167; x_wconf 84' lang='lat' dir='ltr'><strong>annos</strong></span> <span class='ocrx_word' id='word_1_350' title='bbox 995 2140 1118 2176; x_wconf 80' lang='lat' dir='ltr'><strong>igestam</strong></span> <span class='ocrx_word' id='word_1_351' title='bbox 1139 2129 1244 2169; x_wconf 82' lang='lat' dir='ltr'><strong>sistens</strong></span> <span class='ocrx_word' id='word_1_352' title='bbox 1264 2139 1423 2179; x_wconf 85' lang='lat' dir='ltr'><strong>Gottingae</strong></span> <span class='ocrx_word' id='word_1_353' title='bbox 1469 2142 1471 2144; x_wconf 85' lang='grc'><strong>’</strong></span> 
     </span>
    </p>
   </div>
   <div class='ocr_carea' id='block_1_9' title="bbox 188 2178 742 2337">
    <p class='ocr_par' dir='ltr' id='par_1_10' title="bbox 188 2178 742 2337">
     <span class='ocr_line' id='line_1_42' title="bbox 188 2178 421 2216; baseline -0.013 -5"><span class='ocrx_word' id='word_1_354' title='bbox 188 2180 263 2211; x_wconf 86' lang='grc'><strong>1813</strong></span> <span class='ocrx_word' id='word_1_355' title='bbox 283 2188 345 2216; x_wconf 79' lang='lat' dir='ltr'><strong>cap.</strong></span> <span class='ocrx_word' id='word_1_356' title='bbox 366 2178 421 2208; x_wconf 85' lang='lat'><strong>111.</strong></span> 
     </span>
     <span class='ocr_line' id='line_1_43' title="bbox 265 2215 542 2262; baseline -0.004 -16"><span class='ocrx_word' id='word_1_357' title='bbox 265 2218 288 2257; x_wconf 83' lang='lat'><strong>⁴)</strong></span> <span class='ocrx_word' id='word_1_358' title='bbox 309 2217 384 2262; x_wconf 60' lang='lat' dir='ltr'>lust:</span> <span class='ocrx_word' id='word_1_359' title='bbox 404 2215 495 2254; x_wconf 74' lang='lat' dir='ltr'><strong>praef,</strong></span> <span class='ocrx_word' id='word_1_360' title='bbox 518 2215 542 2245; x_wconf 95' lang='grc'><strong>1.</strong></span> 
     </span>
     <span class='ocr_line' id='line_1_44' title="bbox 263 2253 742 2337; baseline 0 -13"><span class='ocrx_word' id='word_1_361' title='bbox 263 2258 287 2337; x_wconf 55' lang='lat'><strong>23</strong></span> <span class='ocrx_word' id='word_1_362' title='bbox 307 2253 578 2331; x_wconf 55' lang='lat' dir='ltr'><strong>{33?‘⁵i1{}3}&#39;0&#39;11.2³’</strong></span> <span class='ocrx_word' id='word_1_363' title='bbox 594 2256 625 2322; x_wconf 74' lang='lat'>1⁷1&#39;</span> <span class='ocrx_word' id='word_1_364' title='bbox 646 2302 674 2332; x_wconf 87' lang='lat' dir='ltr'><strong>p.</strong></span> <span class='ocrx_word' id='word_1_365' title='bbox 696 2293 742 2324; x_wconf 82' lang='lat'><strong>78.</strong></span> 
     </span>
    </p>
   </div>
   <div class='ocr_carea' id='block_1_10' title="bbox 1577 1716 1604 2011">
    <p class='ocr_par' dir='ltr' id='par_1_11' title="bbox 1574 1617 1604 2011">
     <span class='ocr_line' id='line_1_45' title="bbox 1577 1716 1604 2011; textangle 90"><span class='ocrx_word' id='word_1_366' title='bbox 1577 1761 1604 2011; x_wconf 43' lang='lat' dir='ltr'><strong>mzssxmx¹x</strong></span> <span class='ocrx_word' id='word_1_367' title='bbox 1600 1716 1604 1731; x_wconf 84' lang='grc'><strong>,.</strong></span> 
     </span>
    </p>
   </div>
  </div>
 </body>
</html>
