1604 2528
769 95 808 134 2'1'

178 216 246 258 tum
268 221 447 254 aggressus
469 214 674 248 coniecturae
695 216 749 248 vel
769 217 809 248 ab
837 216 910 248 aliis
930 216 1024 248 fidem
1045 225 1107 247 non
1130 214 1286 255 abrogari
1306 218 1404 255 atque

175 262 256 294 adeo
285 263 357 295 fieri
387 265 609 303 cognoverim:
636 267 744 296 utrum
769 265 931 296 laetitiam
956 264 1223 303 voluptatemque
1250 264 1404 295 maiorem

174 311 249 342 inde
272 312 469 351 perceperim
495 321 537 342 an
560 312 720 351 iniquiore
744 312 876 343 tulerim
901 312 1017 348 animo,
1045 312 1129 350 quod
1149 312 1241 342 nulla
1261 320 1298 342 re
1319 320 1405 342 nova

175 355 366 399 exprompta
396 360 539 399 vestigia
569 360 713 392 virorum
744 360 909 392 doctorum
937 369 956 390 a
976 369 1026 391 me
1056 360 1159 399 premi
1187 369 1239 390 me
1270 359 1404 398 fugerit,

176 417 240 440 non
260 409 364 439 habeo
387 409 470 447 quod
492 408 603 439 dicam.

252 456 397 495 Quorum
426 456 459 487 in
494 465 628 488 numero
659 456 797 495 primum
828 456 931 487 verba
951 455 1130 493 Bongarsii
1161 456 1255 494 addo,
1287 456 1342 495 qui
1372 456 1405 486 in

174 505 403 538 commentario
430 505 471 536 ad
497 504 580 536 Iust.
602 505 622 536 1.
645 504 663 535 I
687 504 712 542 l,
735 505 749 535 1
784 504 831 535 sic
862 503 1008 543 scripsit:
1041 521 1090 541 ,—
1121 502 1282 540 Sallustii.
1315 504 1406 535 cuius

175 553 353 584 studiosum
373 552 475 584 fuisse
497 552 659 584 Iustinum
681 555 739 583 aut
760 552 906 591 Trogum
926 552 1031 591 ipsum
1052 554 1087 583 et
1107 552 1159 583 hic
1180 552 1270 583 locus
1292 555 1326 583 et
1349 552 1406 583 alii

175 601 257 632 satis
291 602 455 633 indicant‘.
517 601 569 632 De
610 600 758 631 oratione
799 603 905 642 autem
941 603 1056 631 nostra
1091 599 1336 632 Gutschmidius
1373 600 1407 631 in

175 649 443 680 commentatione
473 649 537 680 iam
568 657 666 688 super
696 648 833 680 laudata
864 648 907 688 (p.
931 648 1001 686 189)
1032 648 1220 687 profitetur:
1258 648 1332 680 Auf
1354 648 1406 680 die

173 696 332 736 Farbung
353 698 518 729 einzelner
540 696 667 729 Stellen
688 697 746 728 der
766 696 859 728 Rede
879 706 955 736 mag
969 697 1125 735 iibrigens
1141 697 1224 728 auch
1241 697 1299 728 der
1312 697 1411 728 Brief

175 745 233 777 des
248 745 457 776 Mithridates
480 754 522 775 an
542 745 688 776 Arsaces
709 744 763 775 bei
784 743 962 776 Sallustius
983 743 1128 776 Einfluss
1142 745 1266 784 gehabt
1285 745 1406 783 haben;

176 802 250 824 man
271 793 460 831 vergleiche
482 795 553 831 etc.‚
576 802 636 831 quo
659 792 745 823 dicto
766 792 939 823 nonnullos
960 793 1047 823 inter
1069 802 1104 824 se
1126 794 1288 832 componit
1307 794 1406 825 locos.

173 840 299 872 VVassii
320 842 431 880 verba,
453 850 535 880 quae
561 841 594 871 in
616 840 881 871 annotationibus
891 840 913 879 ¹)
941 841 973 871 in
996 840 1198 881 Sallustium,
1225 842 1253 873 si
1279 842 1405 873 occasio

173 889 298 930 tulerit,
318 889 497 930 proposuit,
518 890 629 929 paullo
651 889 738 921 infra
760 892 937 929 sequentur
959 889 1012 928 (cf.
1034 899 1063 929 p.
1086 889 1148 929 90).

251 939 345 970 Haec
361 941 449 970 certe
465 938 636 976 sufficient,
658 941 695 969 ut
715 938 756 969 ad
771 938 987 977 exquirendas
1006 938 1234 970 similitudines
1248 941 1405 979 progredi

174 988 318 1026 audeam,
341 996 421 1026 quas
442 986 645 1018 intercedere
667 989 701 1017 et
722 986 867 1026 equidem
890 987 979 1018 sensi
1000 989 1034 1018 et
1056 987 1140 1026 quod
1154 987 1213 1019 alii
1226 987 1290 1019 iam
1306 992 1404 1020 antea

172 1036 324 1068 noverint
344 1035 503 1075 gratulor.
546 1035 746 1074 Quamquam
767 1044 803 1066 re
825 1035 952 1074 quidem
974 1035 1153 1067 orationem
1174 1039 1209 1067 et
1229 1037 1404 1075 epistulam

172 1093 240 1116 non
259 1084 356 1123 plane
378 1083 547 1114 concinere
569 1092 608 1113 ex
637 1092 746 1114 rerum
772 1083 958 1114 condicione
985 1086 1237 1115 consentaneum
1262 1085 1404 1123 videtur,

172 1133 258 1163 ratio
278 1135 387 1162 tamen
409 1131 566 1161 orationis
587 1130 700 1161 eadem
721 1133 772 1161 est
787 1133 885 1169 atque
900 1131 1061 1170 epistulae
1076 1134 1110 1162 et
1124 1132 1261 1162 consilia
1274 1132 1402 1164 Mithri-

174 1180 260 1211 datis
284 1180 318 1211 in
339 1179 494 1209 ambabus
514 1177 645 1217 prolata
665 1187 868 1216 nequaquam
890 1181 966 1209 sunt
987 1178 1120 1209 diversa
1141 1181 1175 1209 et
1195 1179 1342 1219 imparia.

250 1228 393 1259 Primum
423 1235 611 1257 revocemus
641 1226 675 1257 in
705 1226 890 1257 memoriam
922 1230 955 1257 et
985 1229 1218 1266 computemus,
1256 1237 1338 1267 quae
1368 1229 1403 1260 in

173 1280 320 1316 tempora
351 1275 529 1307 Sallustius
560 1274 733 1314 epistulam
764 1274 909 1313 imponat
940 1275 1158 1314 quomodoque
1190 1284 1230 1306 ea
1260 1281 1403 1317 enarret,

173 1328 333 1366 quatenus
364 1323 638 1356 continuationem
669 1323 848 1363 seriemque
878 1332 987 1355 rerum
1013 1333 1030 1355 e
1061 1324 1174 1363 paucis
1205 1324 1400 1365 fragmentis

172 1383 230 1405 nos
252 1382 447 1412 cognoscere
468 1372 554 1403 licet.

252 1421 471 1458 Mithridates,
491 1420 590 1451 Ponti
603 1429 670 1459 rex,
692 1420 844 1451 dirimens
858 1429 971 1459 pacem
984 1421 1082 1460 paulo
1097 1425 1174 1453 ante
1189 1423 1403 1461 conciliatam,

172 1470 336 1501 Romanos
357 1469 541 1501 Nicomedis
562 1469 663 1507 tertii,
684 1468 901 1507 Bithynormn
922 1470 1021 1508 regis,
1044 1473 1242 1502 testamento
1265 1481 1294 1502 a.
1314 1472 1353 1503 75
1374 1481 1403 1503 a.

173 1517 249 1549 Chr.
271 1527 301 1549 n.
323 1518 459 1548 heredes
481 1516 621 1555 scriptos
643 1525 822 1555 aggressus
844 1520 927 1555 erat,
949 1525 1085 1555 quorum
1111 1518 1259 1557 proxima
1283 1519 1404 1551 vicinia

171 1566 201 1597 ei
231 1569 351 1597 metum
383 1565 558 1602 iniecisset,
591 1564 630 1594 ob
659 1573 752 1603 quem
777 1564 843 1595 filio
865 1564 959 1603 Nysa
981 1568 1062 1604 orto,
1095 1566 1149 1604 qui
1169 1566 1273 1598 falsus
1299 1576 1403 1606 neque

171 1614 339 1653 legitimus
371 1613 470 1652 vulgo
503 1612 771 1652 convincebatur,
808 1612 920 1644 statim
954 1616 1030 1652 post
1060 1617 1188 1652 patrem
1218 1614 1403 1647 defunctum

174 1663 307 1694 faverat
329 1660 423 1699 (Sall.
445 1661 476 1691 h.
497 1660 536 1691 Π
556 1660 604 1691 48.
625 1660 677 1691 IV
698 1660 746 1699 61,
767 1660 794 1691 9.
816 1661 865 1691 ed.
885 1660 1048 1699 Dietsch).
1089 1661 1262 1693 Adversus
1284 1672 1355 1694 eum
1369 1664 1403 1695 in

170 1710 311 1742 Pontum
332 1709 370 1740 L.
391 1708 539 1739 Licinius
560 1707 718 1739 Lucullus
746 1711 780 1739 et
805 1708 846 1739 M.
868 1707 1027 1740 Aurelius
1050 1708 1150 1740 Cotta
1176 1710 1264 1742 alter
1290 1712 1403 1744 consul

171 1768 242 1790 cum
263 1759 368 1789 classe
390 1759 424 1787 in
438 1756 671 1795 Propontidem
691 1757 782 1787 missi
803 1760 889 1788 sunt.
930 1757 1011 1787 Tam
1026 1767 1186 1796 prospera
1201 1763 1310 1790 autem
1324 1761 1403 1792 belli

170 1806 304 1837 fortuna
324 1804 417 1835 initio
439 1803 648 1834 Mithridates
676 1812 754 1834 usus
782 1807 842 1842 est,
874 1807 911 1834 ut
935 1804 1097 1843 Bithynia
1120 1805 1218 1844 plane
1245 1812 1403 1847 occupata

174 1854 293 1886 Cottae
325 1855 462 1894 exiguas
494 1854 604 1894 copias
636 1856 734 1893 atque
761 1862 861 1884 naves
888 1853 978 1884 intra
999 1853 1217 1886 Chalcedonis
1237 1865 1346 1888 muros
1369 1860 1403 1888 et

170 1906 300 1943 portum
330 1903 507 1942 perfugere
539 1906 687 1941 cogeret,
719 1902 774 1932 ubi
805 1902 933 1932 obsedit
964 1902 1016 1939 (II
1036 1903 1084 1933 50.
1105 1903 1153 1933 52.
1174 1903 1237 1941 53).
1278 1904 1401 1936 Eodem

172 1961 242 1982 cum
267 1951 425 1982 Lucullus
452 1950 619 1990 profectus
647 1953 745 1988 esset,
772 1950 827 1980 ubi
847 1950 973 1981 viribus
1005 1950 1150 1981 omnibus
1180 1951 1400 1985 Romanorum

171 2000 310 2039 collatis,
331 2008 396 2030 non
416 1999 450 2031 in
471 2008 588 2038 aspero
610 2001 708 2038 atque
728 1998 815 2029 invio
845 2007 926 2037 agro
947 1998 1087 2030 Pontico
1114 1999 1244 2038 longius
1271 2000 1334 2032 sito
1361 2002 1400 2033 de

171 2058 293 2081 summa
313 2057 420 2080 rerum
442 2048 476 2079 in
496 2048 575 2078 belli
590 2050 742 2078 eventum
756 2047 956 2086 decerneret,
977 2056 1037 2078 rex
1055 2048 1221 2080 obsidione
1237 2049 1399 2081 desistens

171 2096 326 2137 Cyzicum
347 2106 417 2128 cum
438 2096 538 2135 copiis
561 2105 595 2127 se
617 2096 780 2127 convertit
801 2095 872 2133 (III
895 2096 1035 2135 13—15>‚
1057 2100 1094 2127 ut
1114 2098 1195 2128 urbe
1211 2101 1400 2137 expugnata

169 2149 272 2177 totam
282 2145 455 2177 invaderet
464 2144 589 2176 Asiam.
618 2143 683 2175 Sed
696 2145 771 2176 dum
780 2153 998 2184 perseverans
1009 2145 1043 2176 in
1054 2146 1297 2185 oppugnatione
1308 2147 1400 2179 urbis

248 2292 269 2331 ¹)
290 2291 366 2329 Quas
386 2301 451 2322 cum
472 2291 536 2321 aliis
558 2291 665 2321 adiecit
680 2290 832 2329 Sigbertus
846 2291 1075 2330 Havercampius
1095 2291 1231 2323 Sallustii
1251 2300 1318 2322 suae
1340 2292 1400 2323 edi·

169 2331 252 2364 tioni.
292 2331 512 2367 Amstelodami,
532 2330 682 2367 Utraiecti,
701 2331 804 2369 flagae
826 2329 947 2361 Comitis
969 2331 1055 2361 1742.

1167 2380 1186 2415 3
