1604 2528
802 76 845 125 67

198 203 225 236 Ι.
241 205 306 244 101,
319 205 351 237 8:
364 206 496 246 paulum
511 215 531 237 a
543 205 624 244 fuga
638 206 785 237 aberant.

200 253 236 286 O.
257 254 305 294 51,
328 255 374 286 10.
396 254 423 286 I.
446 255 493 292 81,
516 255 546 286 1:
568 254 715 285 oratione
731 253 786 284 ad-

237 303 383 334 cendere.

200 350 227 382 1.
248 351 297 389 34,
319 352 349 382 1:
371 352 543 382 multitudo
566 350 716 381 adcensa.

196 448 224 479 I.
246 449 293 487 24,
314 450 346 480 7:
367 458 504 488 regnum
524 450 628 479 tenet.

197 495 233 527 O.
255 496 302 531 25.
323 497 355 527 4:
378 496 486 527 caedis
508 494 646 526 conscia.

195 544 225 575 h.
247 544 299 577 IV
320 544 372 575 68:
392 542 553 581 religione
575 541 658 573 diem
679 550 782 572 mora-

234 595 297 623 tus,

194 639 224 669 11.
245 638 263 669 Ι
280 638 329 677 41,
346 638 398 669 27:
420 638 532 668 ducem
553 640 587 668 et
607 640 780 670 auctorem.

198 686 233 717 C.
255 686 304 723 43,
324 686 356 716 4:
389 694 569 716 maxumum
600 686 718 716 bonum
748 686 782 717 in

234 733 406 763 celeritate
426 733 575 771 putabat.

193 781 221 813 I.
242 782 290 821 35,
312 781 345 813 4:
375 791 479 821 neque
505 781 539 813 in
565 782 675 814 amicis
698 783 780 815 satis

233 831 391 870 praesidii
412 835 471 862 est.

194 878 229 910 O.
252 879 298 918 19,
313 879 340 911 2.
362 879 389 911 I.
412 880 519 918 14,18.
540 881 569 911 h.
585 880 643 911 III
663 882 710 921 61,
731 881 778 913 24.

193 927 229 960 G.
250 927 297 966 21,
318 928 350 960 5:
372 929 476 960 animo
498 929 627 961 alacris.

192 1026 218 1057 I.
239 1026 267 1064 5,
288 1026 321 1057 5:
352 1027 451 1058 filium
476 1027 640 1067 privatum
661 1029 776 1060 dereli-

231 1078 355 1114 querat.

191 1123 227 1155 C.
247 1124 295 1161 20,
318 1125 348 1155 1:
375 1126 519 1156 omnibus
548 1126 682 1157 arbitris
703 1136 775 1166 pro-

229 1173 282 1203 cul
303 1174 428 1204 amotis.

189 1221 216 1252 I.
237 1221 284 1260 49,
306 1222 338 1252 6:
359 1222 393 1253 in
412 1222 545 1261 planum
566 1223 702 1255 dedecit.

187 1318 215 1350 I.
237 1319 284 1358 63,
307 1319 337 1350 1:
357 1318 520 1351 fortunam
542 1321 754 1360 experiretur.

189 1417 225 1449 O.
246 1418 293 1457 58,
315 1419 345 1450 8:
366 1421 485 1458 parato
507 1419 621 1451 animo.

188 1519 223 1552 C.
234 1520 282 1559 50,
295 1521 326 1552 1:
341 1521 472 1561 opifices
484 1521 707 1553 sollicitabant
722 1522 773 1553 ad.

188 1569 215 1601 Ι.
237 1570 284 1608 83,
307 1570 338 1601 1:
369 1571 491 1601 habere
524 1571 648 1611 copiam
675 1571 773 1602 socie-

223 1619 304 1650 tatis
325 1619 578 1657 coniungendae.

186 1666 223 1699 C.
245 1667 292 1705 58,
315 1668 361 1699 18.
402 1668 429 1699 Ι.
451 1669 479 1707 3,
500 1668 527 1699 4.
559 1668 606 1707 31,
628 1668 674 1699 20.

184 1715 394 1756 Saepissime!
441 1754 445 1757 Α

183 1764 211 1796 I.
236 1765 282 1804 14,
303 1765 337 1797 4:
358 1774 473 1804 parum
494 1768 576 1797 tuta.

184 1813 220 1845 O.
241 1813 288 1853 34,
311 1814 337 1845 1.
353 1814 400 1851 36,
415 1814 442 1845 2.
464 1814 491 1845 Ι.
506 1814 553 1854 21,
567 1815 601 1846 4:
618 1815 658 1846 ab
674 1815 772 1846 armis

222 1862 400 1892 discedant.

183 1908 219 1940 O.
246 1910 291 1949 15,
305 1910 338 1941 4:
354 1911 478 1941 animus
494 1910 562 1941 deis
576 1910 771 1941 hominibus-

222 1966 282 1996 que
303 1957 451 1990 infestus.

181 2005 210 2036 h.
232 2005 251 2036 I
270 2007 318 2045 48,
340 2006 391 2037 10;
419 2015 510 2036 arma
531 2006 704 2039 advorsum
725 2008 770 2038 di-

220 2052 297 2084 vina
317 2056 351 2084 et
376 2053 517 2085 humana
543 2054 649 2086 omnia
675 2054 769 2094 cepit.

180 2100 210 2134 11.
231 2100 250 2132 Ι
278 2101 348 2133 101:
379 2111 516 2134 vacuam
546 2104 658 2135 urbem
688 2104 770 2136 viris

220 2149 275 2186 (al.
297 2150 415 2181 coniec.
436 2151 640 2189 hominibus).

181 2197 211 2228 h.
233 2196 271 2228 II
293 2197 325 2229 5:
352 2197 490 2230 insulam
511 2200 692 2232 hominibus
714 2209 769 2231 va-

218 2256 309 2278 cuam
320 2246 353 2285 ι).

846 203 978 242 paulum
999 212 1019 233 a
1040 202 1197 241 capienda
1217 203 1297 234 urbe
1318 202 1431 235 abfuit.

846 252 879 283 9:
891 251 1039 282 oratione
1050 252 1222 283 multitudo
1235 253 1431 284 accenditur.

845 407 913 437 cap.
936 397 962 429 9.
986 397 1041 436 (*§
1064 397 1203 435 14—19).

843 446 878 477 2:
899 447 1068 485 imperium
1088 450 1187 478 tenet.

843 495 875 525 3:
898 495 1043 526 conscios
1065 495 1182 526 caedis.

843 544 875 575 9:
898 544 1064 583 quatridui
1084 544 1191 574 teneri
1211 544 1379 583 religione.

844 641 893 671 10:
915 641 980 672 dux
999 641 1078 672 belli
1100 644 1133 672 et
1155 645 1279 673 auctor.

841 690 914 729 plus
929 690 1086 729 praesidii
1100 691 1132 720 in
1148 691 1319 722 celeritate
1335 701 1430 730 quam

880 739 913 769 in
935 739 1031 769 sociis
1054 739 1197 770 duceret.

839 933 890 964 11:
912 933 1090 965 animorum
1111 933 1276 965 alacritas.

838 992 906 1022 cap.
930 983 975 1014 10.

835 1031 868 1062 4:
888 1031 988 1062 filium
1007 1032 1138 1071 privato
1159 1031 1357 1071 pervenisse.
1407 1044 1411 1047 ⁴

837 1129 887 1159 10:
909 1129 978 1160 sine
1000 1130 1143 1160 arbitris.

835 1225 886 1257 24:
907 1226 941 1257 in
961 1226 1093 1265 planum
1114 1226 1303 1258 deducebat.

835 1273 851 1291 *
873 1283 941 1314 cap.
964 1275 1010 1306 11.

833 1323 866 1354 6:
886 1322 1051 1355 fortunam
1072 1323 1310 1364 experiendam.

830 1422 864 1455 >9:
884 1425 1002 1460 parato
1024 1422 1139 1453 animo.

834 1479 902 1509 cap.
927 1470 971 1501 12.

834 1520 865 1550 1:
887 1520 1067 1551 sollicitare
1082 1529 1137 1552 eos
1152 1520 1185 1551 in
1206 1523 1320 1560 partes
1336 1528 1422 1551 suas.

834 1568 866 1599 2:
888 1569 1101 1608 conloquendi
1122 1569 1246 1608 copiam
1266 1569 1397 1600 habere.

835 1667 866 1697 3:
887 1675 946 1698 vos
967 1667 1130 1698 dementia
1150 1670 1250 1698 tenet.

834 1715 960 1747 facinus
983 1716 1122 1755 agitare.

832 1764 864 1795 7:
885 1774 1000 1804 parum
1019 1768 1134 1796 tutum.

833 1822 853 1844 a
873 1813 959 1844 bello
981 1813 1147 1844 discedite.

830 1910 861 1940 9:
885 1909 978 1948 quasi
1003 1918 1067 1939 non
1093 1918 1162 1940 cum
1184 1909 1321 1941 Graecis
1348 1913 1419 1940 tan-

869 1960 937 1988 tum
968 1957 1026 1988 sed
1052 1960 1086 1988 et
1112 1966 1182 1988 cum
1208 1958 1258 1989 dis
1288 1958 1415 1989 immor-

870 2006 991 2037 talibus
1011 2005 1131 2036 bellum
1152 2009 1293 2043 gereret.

832 2103 882 2134 11:
904 2102 1056 2134 Athenas
1077 2112 1198 2135 vacuas
1226 2102 1415 2135 hominibus.

256 2335 277 2373 ¹)
298 2335 370 2366 haec
389 2336 478 2366 verba
497 2337 647 2368 Dietsehio
668 2340 801 2377 suspecta
822 2339 898 2368 sunt.
