1604 2528
785 66 829 103 58

255 182 351 215 Unde
374 183 450 223 quid
472 183 635 216 efficiatur
655 186 844 225 priusquam
865 185 1041 223 videamus,
1062 184 1232 224 paululum
1253 183 1418 216 declinare

177 230 286 263 liceat.
322 231 395 263 Non
417 232 549 266 silentio
563 235 748 273 praeterire
770 234 866 266 velim
887 233 1069 265 Hermanni
1089 233 1203 265 Peteri
1212 233 1234 272 ¹)
1256 232 1418 272 iudicium,

180 280 234 319 qui
245 279 460 312 Plutarchum
471 282 505 315 in
516 282 602 313 bello
614 282 839 315 Mithridatico
852 284 1034 316 enarrando
1048 283 1118 320 (vit.
1131 281 1262 313 Luculli
1274 281 1417 319 e.6—37>

179 337 218 359 ex
243 328 402 361 Sallustio
425 333 461 361 ut
481 332 637 371 primario
658 332 749 364 fonte
770 334 912 373 pendere
926 333 1006 364 vult.
1035 332 1098 363 Ille
1126 340 1195 373 cap.
1210 330 1248 362 30
1278 329 1418 361 Partho-

177 386 248 409 rum
268 387 381 418 regem
401 381 543 420 priorem
565 381 607 412 ad
627 381 801 414 Lucullum
822 382 951 422 legatos
977 381 1103 413 misisse
1131 383 1166 412 et
1191 379 1306 412 deinde
1332 378 1417 410 hunc

176 427 314 458 invicem
336 438 411 461 suos
432 430 593 470 perhibet,
626 431 680 469 qui
712 431 796 462 alius
825 432 1027 470 legationum
1059 430 1136 461 ordo
1169 438 1226 460 nos
1258 427 1355 459 facile
1385 427 1419 458 in

180 485 323 508 errorem
345 477 499 509 inducere
520 481 639 518 potest.
683 478 748 510 Sed
781 483 838 511 aut
869 479 1082 511 Plutarchum
1104 479 1137 509 in
1168 477 1219 508 his
1245 477 1344 508 rebus
1365 476 1417 507 de-

179 524 360 557 scribendis
388 524 485 558 alium
518 527 711 567 scriptorem
743 531 889 559 secutum
921 536 993 559 esse
1016 537 1053 559 ac
1075 526 1266 559 Sallustium
1291 528 1419 557 tantum

177 573 341 605 interdum
363 575 545 614 inspexisse
567 585 636 607 cum
666 576 857 608 Grasshofio
886 577 928 617 (p.
950 577 982 615 7)
1014 577 1209 615 Laueroque
1231 576 1274 614 (p.
1295 575 1314 606 3
1336 575 1417 613 sqq.)

183 625 368 654 statuamus
399 632 553 655 neccesse
585 628 646 662 est,
678 628 736 656 aut
766 625 888 656 fontem
919 625 1045 656 omnino
1077 633 1140 655 non
1171 623 1316 655 valemus
1348 632 1418 654 cum

181 671 368 709 Heereno'·')
391 672 547 712 indicare,
570 673 654 712 quod
676 674 862 713 disceptare
884 674 917 705 in
940 674 1045 704 animo
1067 673 1145 704 mihi
1166 681 1229 703 non
1251 675 1310 703 est.

262 719 451 759 Postquam,
485 724 521 752 ut
548 731 654 761 spero,
685 722 763 753 mihi
785 723 933 761 contigit,
965 725 1002 753 ut
1022 721 1225 752 Mithridatis
1246 719 1418 759 epistulam

180 768 222 800 ad
259 777 370 807 regem
407 769 560 801 Arsacen
593 780 612 801 a
644 770 804 802 Sallustio
836 771 1003 802 inventam
1035 779 1106 801 esse
1138 772 1172 800 et
1203 768 1421 807 excogitatam

180 817 386 849 ostenderem
408 818 540 858 eiusque
564 819 743 851 orationem
766 820 852 859 apud
873 819 1017 858 Trogum
1043 818 1076 849 in
1104 818 1226 849 nullius
1247 817 1418 856 scriptoris

182 866 382 897 auctoritate
404 867 475 904 niti,
503 868 649 906 satisque
671 868 748 899 mihi
768 868 871 899 multa
892 868 994 898 verba
1014 867 1131 898 fecisse
1159 867 1248 897 visus
1275 874 1359 903 sum,
1385 865 1419 895 in

184 915 350 946 nonnullis
373 915 604 956 discrepantiis
631 917 719 947 inter
740 917 913 955 epistulam
936 916 1178 954 orationemque
1201 917 1235 945 et
1255 913 1420 945 varietate

180 963 447 1002 dissensioneque
479 965 725 1001 sententiarum,
759 973 842 1002 quae
873 965 1021 996 nimirum
1058 974 1097 995 ex
1123 964 1196 1003 ipsa
1222 963 1271 994 rei
1296 965 1417 993 natura

180 1016 371 1052 sequuntur,
393 1018 502 1044 tamen
527 1014 639 1044 miram
662 1023 839 1044 consensus
861 1013 1001 1052 speciem
1023 1016 1057 1044 et
1077 1022 1148 1043 eam
1162 1011 1264 1051 primo
1280 1011 1341 1042 iam
1366 1011 1418 1041 ob-

181 1063 255 1092 tutu
287 1062 446 1097 eminere,
477 1072 557 1101 prae
590 1070 654 1099 qua
686 1065 863 1093 evanescat
895 1061 1099 1093 diversitatis
1131 1059 1288 1099 cogitatio
1321 1062 1419 1098 atque

134 1115 136 1117 ’
181 1110 377 1149 emoriatur,
409 1110 442 1141 id
469 1110 597 1148 quidem
625 1120 642 1141 e
671 1111 778 1142 causis
809 1114 878 1142 tum
908 1111 941 1141 in
968 1113 1088 1141 natura
1116 1112 1184 1140 tum
1210 1108 1243 1139 in
1271 1107 1419 1147 opinione

183 1158 299 1197 positis
321 1159 505 1190 luculenter
527 1159 678 1198 elucebit,
699 1159 887 1199 Pompeium
903 1159 1048 1198 Trogum
1070 1160 1181 1189 aetate
1196 1155 1414 1193 inferiorem³>

185 1207 305 1246 prioris
328 1207 480 1239 Sallustii
501 1208 590 1239 dicta
621 1217 691 1238 cum
723 1208 834 1247 utique
866 1208 1011 1247 potuisse
1043 1215 1218 1246 excerpere
1245 1208 1310 1236 tum
1338 1214 1416 1236 vero

184 1255 397 1295 excerpsisse.
675 1286 678 1288 Α

262 1303 377 1336 Oritur
398 1313 483 1335 nunc
504 1304 661 1343 quaestio,
683 1314 757 1335 num
780 1305 878 1335 etiam
900 1307 934 1335 et
955 1313 1092 1343 quonam
1113 1303 1205 1334 modo

524 1410 666 1448 ceteris
693 1410 726 1447 in
752 1409 877 1456 oneris
903 1409 1069 1457 partibus

184 1514 315 1553 Trogus
338 1514 490 1548 Sallustii
510 1516 611 1547 fuerit
638 1516 812 1547 studiosus.
860 1516 955 1555 Quod
979 1516 1161 1555 indaganti,
1183 1526 1254 1548 cum
1275 1516 1418 1548 viderem

184 1571 336 1601 magnam
367 1572 439 1594 esse
471 1563 714 1595 similitudinem
745 1564 832 1594 inter
863 1564 967 1603 prima
988 1563 1108 1595 Iustini
1140 1565 1297 1603 epitomes
1319 1565 1422 1595 verba

186 1614 220 1641 et
242 1609 394 1642 Sallustii
417 1610 582 1643 Catilinae
604 1612 779 1650 exordium,
812 1621 894 1651 quae
926 1611 1083 1643 neminem
1114 1612 1220 1651 fallat,
1251 1611 1328 1643 mihi
1349 1621 1421 1651 per-

185 1659 408 1690 suasissimum
429 1660 500 1698 fuit,
522 1663 694 1699 postquam
716 1659 798 1690 alios
820 1663 853 1690 et
882 1659 1086 1691 doctissimos
1114 1659 1355 1699 quidem,viros
1381 1659 1421 1690 si-

184 1707 290 1738 milem
321 1707 386 1738 iam
417 1707 614 1739 sententiam
646 1707 816 1746 aperuisse
848 1707 1074 1738 animadverti.
1136 1707 1219 1738 Dico
1257 1707 1422 1738 Wassium

185 1755 288 1786 solum
308 1755 342 1786 in
364 1756 630 1787 annotationibus
652 1755 694 1786 ad
716 1754 868 1786 Sallustii
890 1754 1067 1785 Catilinam
1087 1755 1187 1794 p438
1213 1755 1275 1792 (ed.
1294 1754 1422 1786 Haver-

185 1801 323 1842 camp⁴):
345 1803 494 1835 Iustinus
515 1804 622 1835 nostri
644 1803 789 1834 aemulus
812 1806 846 1833 et
866 1802 1018 1841 Iugurth.
1040 1812 1070 1841 p.
1091 1803 1164 1834 326:
1188 1803 1346 1841 Iustinus,
1368 1803 1422 1841 qui

185 1854 333 1882 nostrum
354 1852 423 1882 fere
445 1852 602 1890 sequitur.
644 1851 819 1889 Adiungas
842 1859 943 1889 supra
972 1859 1047 1889 pag.
1069 1850 1116 1881 21.
1149 1850 1214 1881 Sed
1245 1854 1355 1881 tamen
1386 1854 1423 1881 ut

185 1899 316 1940 Trogus
347 1900 380 1932 in
412 1900 510 1932 rebus
532 1898 766 1931 Mithridaticis
788 1897 982 1930 Sallustium
1013 1899 1136 1931 modice
1167 1902 1294 1930 tantum
1315 1899 1423 1939 potuit

186 1949 382 1987 exscribere,
404 1958 474 1980 cum
496 1952 726 1988 praeterquam
748 1948 832 1987 quod
853 1948 949 1987 primi
975 1948 1055 1979 belli
1076 1948 1234 1979 adversus
1256 1947 1421 1979 Romanos

267 2103 287 2140 ¹)
307 2105 362 2134 Die
380 2104 508 2140 Quellen
522 2103 685 2133 Plutarch's
706 2103 736 2132 in
759 2103 814 2132 den
829 2103 1024 2141 Biographien
1045 2103 1097 2132 der
1111 2104 1216 2133 Romer
1236 2103 1321 2133 Halle
1340 2103 1423 2131 1865.

185 2151 213 2180 p.
237 2142 344 2219 10²'ide
365 2181 493 2211 sontibus
514 2181 544 2209 ct
571 2182 745 2210 auctoritate
766 2182 891 2211 vitarum
912 2180 1119 2217 parallelarum
1141 2179 1290 2209 Plutarchi
1319 2188 1423 2208 comm.

187 2218 228 2248 lv
250 2219 517 2296 qstginffisserssggg‘
557 2258 592 2286 15
613 2268 626 2286 s

264 2297 287 2336 ⁴¹)
307 2267 535 2332 A'mstglodamiff'
547 2267 698 2332 Utrai‘ss‘si'tt
718 2296 820 2335 Hagae
841 2296 963 2326 Comitis
985 2295 1068 2325 1742.
