1604 2528
759 52 831 108 '59

186 188 274 227 gesti
303 188 398 220 initia
428 189 541 228 tetigit
550 189 588 228 ¹),
625 188 770 220 ordinem
801 187 932 227 patriae
962 187 1119 219 historiae
1151 197 1171 219 a
1202 188 1417 228 scriptoribus

187 236 251 267 iam
283 237 440 270 traditum
470 239 580 270 nescio
612 247 673 277 quo
705 237 840 269 consilio
872 236 1053 276 reliquerit,
1084 238 1140 269 sed
1173 239 1299 270 abunde
1328 238 1420 269 eoin

186 286 382 324 usurpandis
404 286 639 318 sententiarum
667 285 814 317 formulis
835 293 913 315 usus
936 287 988 315 est
1008 288 1151 324 auctore,
1171 285 1220 317 ita
1240 293 1304 317 non
1317 286 1422 317 minus

183 328 301 365 ‘eadem
332 335 425 365 nobis
458 334 633 365 statuenda
664 336 716 365 est
745 332 832 364 ratio
863 331 1060 370 reliquorum
1091 333 1257 372 librorum,
1289 342 1423 372 quorum

190 385 383 421 argumenta
403 381 605 422 materiaque
626 390 646 412 a
669 379 828 412 Sallustio
843 379 940 411 valde
955 380 1142 411 abhorrent.
1184 380 1328 420 Quorum
1340 381 1424 413 unde

187 429 342 462 fluxerint
356 430 522 470 complura
537 428 801 468 Wolffgartenius
820 431 853 459 et
868 427 1189 460 Geschwandtnerus
1210 428 1422 468 edocuerunt;

189 479 304 518 quibus
335 488 404 510 rem
430 488 495 510 non
523 479 563 509 ab
590 477 676 508 omni
699 479 796 516 parte
822 477 1080 516 ponderantibus
1102 477 1247 508 contenti
1268 485 1340 508 esse
1361 486 1424 508 non

189 536 369 567 possumus.
411 526 496 558 Nam
516 525 647 564 Trogus
673 525 733 556 hat
758 525 819 556 mit
839 525 910 557 dem
931 525 996 556 ihm
1017 525 1251 565 vorliegenden
1271 523 1426 558 Material

190 575 257 607 viel
277 575 380 606 freier
401 575 466 606 und
487 573 766 613 selbststandiger
786 573 981 613 geschaltet.
1023 573 1093 607 Vor
1120 574 1208 606 allen
1228 573 1362 614 Dingen
1381 575 1427 607 ist

190 624 282 655 nicht
313 632 354 653 zu
385 623 585 658 verkennen.
617 622 694 654 dass
720 623 789 654 sich
816 623 882 654 viel
904 622 1108 654 rhetorische
1129 622 1426 662 Ausschmiickung

192 672 245 703 bei
266 672 331 702 ihm
352 671 462 710 findet,
494 670 549 702 fiir
571 671 623 702 die
652 671 712 702 wir
733 671 819 702 wohl
839 671 930 703 nicht
950 671 1062 703 immer
1083 671 1135 702 die
1157 671 1274 711 Quelle
1295 675 1426 703 verant-

193 720 343 751 wortlich
363 720 499 751 macheu
519 720 648 750 konnen
668 719 733 750 iam
753 719 906 751 Frickius
927 729 957 759 p.
974 720 993 751 3
1017 719 1171 758 cognovit
1191 720 1426 759 comprobavit-

194 777 262 807 que.
304 767 357 799 De
379 777 436 799 suo
458 777 543 808 penu
562 767 693 807 Trogus
714 767 797 799 illud
818 767 941 807 attulit,
964 777 1054 807 quem
1076 768 1110 799 in
1131 767 1333 800 Mithridatis
1354 777 1426 800 ora—

190 816 278 848 tione
304 816 363 848 illa
391 816 580 848 exornanda
601 820 634 848 et
655 816 740 848 omni
760 826 800 848 ex
820 820 917 856 parte
944 816 1083 848 dilucide
1111 816 1333 848 adumbranda
1354 826 1424 848 cum

190 874 237 903 e0‚
260 865 314 904 qui
325 866 406 897 haec
416 866 617 905 potissimum
630 865 770 896 artificia
781 865 957 904 adhibet²>‚
978 874 1048 896 cum
1067 864 1238 904 Sallustio,
1260 866 1425 897 artissime

191 914 366 945 cohaerere
389 917 487 953 atque
509 914 710 945 coniunctum
734 923 806 945 esse
827 914 1070 945 intelleximus?

269 962 350 994 Cum
380 963 503 1002 pudore
535 966 644 994 autem
676 972 714 994 ac
744 963 904 994 modestia
930 963 963 994 in
984 963 1034 1002 iis,
1066 972 1145 1002 quos
1167 972 1252 995 nunc
1272 966 1425 995 excutere

192 1012 349 1050 volumus,
381 1011 484 1051 Trogi
505 1011 715 1043 historiarum
736 1011 829 1043 libris
851 1011 1047 1043 versandum
1078 1015 1138 1051 est,
1170 1022 1303 1052 quorum
1335 1013 1425 1053 nihil,

194 1070 233 1091 ne
255 1060 444 1099 fragmenta
466 1060 592 1099 quidem
611 1060 775 1099 habemus,
798 1069 880 1099 quae
902 1060 987 1100 apud
1001 1060 1163 1092 Iustinum
1178 1061 1425 1101 epitomatorem

193 1110 298 1140 adhuc
320 1112 454 1140 servata
474 1109 549 1140 inde
569 1109 712 1148 petenda
733 1112 817 1140 sunt.
861 1109 978 1148 Quoad
1005 1109 1143 1140 animum
1169 1109 1360 1147 intenderis,
1388 1114 1425 1142 ut

192 1167 412 1197 assequamur,
435 1167 571 1197 quanam
593 1157 721 1188 ratione
741 1158 823 1189 bene
845 1158 1056 1189 succedentes
1078 1157 1223 1197 Trogum
1248 1159 1352 1198 ipsum
1380 1168 1420 1190 ex

190 1207 318 1238 Iustino
350 1207 509 1246 possimus
541 1215 705 1245 exsecare,
737 1209 774 1237 ut
802 1215 910 1246 porro,
944 1216 1026 1246 quae
1056 1206 1167 1246 Trogi.
1200 1216 1282 1246 qnae
1303 1208 1425 1240 Iustini

191 1255 258 1286 sint
287 1256 430 1295 propria,
463 1264 703 1294 cognoscamus,
740 1255 891 1286 iudicium
923 1255 1034 1294 utique
1065 1255 1146 1286 ferri
1176 1259 1266 1287 recte
1297 1257 1423 1296 nequit,

191 1304 468 1335 verumenimvero
491 1303 634 1342 alioquin
655 1304 831 1335 timendum
851 1306 911 1342 est,
937 1312 978 1334 ne
1004 1303 1092 1335 1111118
1120 1304 1263 1342 genuina
1288 1305 1422 1344 permis-

191 1361 319 1383 ceamus
341 1362 409 1383 cum
431 1353 525 1383 huius
547 1352 786 1387 additamentis,
819 1351 881 1382 fide
915 1351 1094 1390 digniorem
1127 1361 1165 1383 ac
1196 1362 1330 1391 gravem
1352 1362 1421 1384 cum

190 1400 323 1438 leviore,
354 1401 503 1439 argutias
534 1400 638 1438 Trogi
669 1400 782 1439 suique
803 1400 926 1431 saeculi
956 1399 1076 1430 iudicia
1106 1409 1177 1431 cum
1204 1401 1423 1440 sequentibus,

193 1448 314 1479 fontem
342 1457 411 1479 cum
437 1449 553 1479 rivulo.
596 1448 688 1487 Quae
716 1448 863 1487 equidem
894 1447 955 1478 hoc
975 1447 1045 1478 loco
1068 1447 1109 1478 ad
1130 1448 1285 1487 liquidum
1306 1449 1422 1489 perdu-

194 1506 268 1528 cere
288 1506 353 1528 non
373 1497 468 1528 valeo
490 1498 524 1530 et
544 1497 673 1536 longum
696 1499 755 1528 est.
779 1495 832 1535 (cf.
853 1505 883 1535 p.
906 1496 943 1527 17
965 1496 1048 1535 sqq.)

269 1546 378 1584 Urget
408 1546 469 1577 hac
501 1546 540 1577 de
571 1555 671 1577 causa
700 1545 889 1583 necessitas,
921 1548 966 1583 ut,
999 1554 1080 1584 quae
1101 1545 1134 1576 in
1154 1546 1282 1585 ingenti
1302 1546 1421 1579 Iustini

194 1593 350 1625 librorum
370 1593 540 1632 farragine
562 1594 712 1633 dispersa
727 1596 813 1632 sunt,
828 1593 1012 1624 extricandi
1026 1593 1164 1624 officium
1178 1594 1252 1625 aliis
1270 1594 1425 1634 delegem,

194 1643 399 1681 quamobrem
431 1643 490 1673 sub
521 1652 618 1673 unum
650 1643 798 1673 obtutum
834 1644 1007 1680 utrumque
1046 1641 1237 1680 scriptorem
1278 1643 1426 1674 conferre

192 1690 268 1721 mihi
288 1690 388 1721 liceat
408 1690 547 1721 ulterius
568 1690 758 1729 procedenti
779 1692 813 1721 et
833 1690 894 1720 tali
914 1689 1008 1720 modo
1030 1692 1121 1720 certa
1136 1693 1234 1729 atque
1249 1691 1421 1730 explorata

191 1737 300 1776 potius
313 1738 512 1768 constituere
529 1747 624 1776 quam
637 1737 851 1777 pronuntiare
865 1737 1059 1776 probabilia,
1080 1746 1176 1776 vana,
1197 1737 1319 1777 inania,
1341 1748 1423 1778 quae

191 1785 289 1817 fundo
316 1786 430 1817 idoneo
458 1788 580 1828 carent.
622 1785 696 1825 Qua
727 1785 826 1820 inre
857 1785 1056 1824 reprehendi
1086 1794 1136 1816 me
1161 1794 1258 1825 posse
1283 1786 1425 1826 ingenue

191 1834 313 1873 fateor;
347 1837 492 1865 attamen
524 1835 571 1865 sic
601 1834 689 1865 inter
718 1833 865 1873 Pompeii
885 1833 995 1873 Trogi
1026 1834 1235 1866 historiarum
1267 1834 1425 1875 Philippi-

191 1892 301 1914 carum
323 1883 483 1923 epitomen
505 1886 540 1914 et
561 1882 753 1914 Sallustium
775 1882 828 1921 qui
850 1885 943 1913 extat
964 1891 1104 1914 conexus
1127 1886 1216 1914 certe
1238 1892 1302 1914 non
1315 1887 1426 1923 potest

193 1940 252 1963 nos
273 1931 398 1971 fugere.

271 1980 390 2012 Omnes
421 1990 507 2012 nunc
537 1980 782 2012 examinaturus
817 1989 886 2012 sum
916 1979 1028 2019 libros,
1064 1980 1297 2021 quaestionem,
1329 1990 1424 2021 quam

193 2030 401 2061 tractandam
416 2030 599 2070 suscipiam,
620 2030 669 2062 ita
681 2030 868 2068 instituens,
887 2032 934 2066 ut,
955 2029 1198 2068 quibuscunque
1219 2030 1300 2061 locis
1321 2029 1425 2069 Trogi

268 2155 289 2193 ¹)
310 2156 515 2194 Astipulantur
548 2157 699 2188 Gatterer:
731 2156 914 2196 Allgemeine
944 2156 1116 2187 historischc
1142 2155 1308 2187 Bibliothek
1335 2155 1423 2187 Halle

311 2234 342 2262 et
361 2195 475 2265 111ξέῃῖ
476 2196 665 2272 011111ἐτΙ1111ἓ1081
669 2197 841 2265 81ξο116οκ1118
861 2233 1095 2273 Duebnerusque.

190 2317 218 2348 p·
240 2271 347 2342 122⁸&
367 2271 460 2303 Ulrici
480 2272 716 2305 Charakteristik
736 2273 787 2303 der
808 2273 927 2303 antiken
947 2273 1197 2312 Historiographie
1217 2272 1317 2303 Berlin
1339 2272 1422 2305 1833.
