1604 2528
158 272 498 313 1.74.3:Num1dis
521 275 621 316 pedes
640 273 746 314 mag-is

199 332 294 363 quam
314 332 406 357 arma
424 327 507 356 tuta.

159 371 189 405 h.
215 371 234 404 I
254 372 307 406 86:
333 372 375 405 ad
400 372 499 407 furta
514 371 594 405 belli
618 371 746 413 perido-

196 429 287 456 neae.

73 557 76 559 μ
157 519 185 554 Ι.
217 520 297 559 100.
317 519 349 552 1:
366 520 516 559 'propter
532 521 747 556 ‘conmeatum

11 574 77 607 N,
137 563 139 565 ’
168 577 298 609 agere
319 568 521 601 decreverat.

0 617 66 660 ii*
85 624 106 628 ‘⁷
157 617 193 651 O.
221 618 271 655 47,
300 618 333 651 2:
374 626 414 650 ex
447 617 542 650 libris
577 617 747 657 Sibyllinis

2 662 18 672 “
179 674 331 706 ἰνιᾞὲηιιιιιι
354 665 517 698 Corneliis
537 661 697 706 portendi.

144 714 187 749 Ἦ.
208 714 227 748 1
247 714 281 749 9:
302 714 537 751 discordiarum
556 715 638 748 finis.

0 817 27 852 ᾗ·
158 811 195 845 (3.
216 812 264 851 59,
285 812 318 845 5:
359 812 549 846 circumiens
583 813 745 852 hortatur,

42 864 45 865 ’
196 865 234 894 ut
253 862 466 895 meminerint.

155 910 183 944 I.
204 909 252 949 24,
275 911 325 943 10:
356 921 421 943 non
446 912 510 943 iam
534 914 669 943 mortem
690 920 744 942 ne-

195 969 256 1000 que
292 969 464 992 aerumnas
493 963 621 992 tantum
651 960 744 992 modo

193 1010 312 1042 inimici
339 1010 498 1051 inperium
524 1013 558 1042 et
579 1010 743 1043 cruciatus

195 1059 341 1099 corporis
362 1059 527 1099 deprecor.

154 1107 184 1140 h.
206 1108 266 1140 III
285 1109 333 1149 61,
353 1107 405 1140 21:
427 1109 481 1141 ubi
492 1109 690 1149 pertimuere
704 1126 742 1131 —

193 1157 321 1198 dempto
342 1161 437 1191 metu.

153 1254 189 1288 G.
210 1256 258 1294 48,
286 1256 317 1287 7':
350 1259 466 1296 postea
495 1256 741 1297 praedicantem

193 1322 225 1327 -
251 1305 313 1337 sibi
332 1306 514 1346 inpositam.

155 1402 190 1436 C.
212 1403 260 1441 48,
281 1404 313 1435 6:
335 1406 531 1444 potestatem
547 1403 738 1436 faciundam.

152 1453 181 1484 Ι.
201 1453 248 1491 66,
265 1454 295 1484 1:
312 1462 393 1493 quae
405 1463 462 1493 spe
472 1453 563 1493 pacis
576 1454 739 1485 amiserat.

152 1550 180 1583 Ι.
201 1551 249 1587 71,
273 1551 303 1583 1:
327 1551 470 1583 exercito
485 1561 619 1592 corpore
633 1551 740 1584 fessus

190 1617 230 1621 —
251 1609 385 1639 aegrum
406 1601 545 1632 animum
558 1617 596 1622 —-
612 1609 740 1632 somnus

191 1649 286 1688 cepit.

153 1696 188 1729 C.
210 1698 258 1736 59,
279 1698 311 1729 5:
333 1706 414 1737 equo
436 1698 636 1729 circumiens.

152 1796 182 1827 h.
194 1796 232 1827 II
243 1797 290 1833 96,
302 1796 333 1827 2:
350 1797 470 1827 totiens
487 1796 645 1835 sanguine
656 1796 737 1828 fuso.

151 1844 179 1876 Ι.
201 1845 248 1884 98,
266 1844 302 1885 2:
323 1845 416 1877 modo
431 1845 656 1877 laborantibus
671 1845 738 1877 suis

190 1904 381 1926 succurrere
410 1895 503 1926 modo
533 1894 653 1932 hostis,
684 1895 740 1926 ubi

191 1943 431 1974 confertissumi
452 1944 667 1982 obsteterant,
693 1944 739 1974 iu-

189 1990 323 2022 vadere:
355 2000 452 2023 manu
483 1992 640 2023 militibus
668 2001 739 2023 con-

189 2039 306 2071 sulere.

198 2187 294 2224 80,4.
317 2187 382 2222 104,
403 2187 430 2218 5.
453 2187 519 2225 111,
541 2186 567 2217 1.

239 2235 287 2273 41,
310 2234 360 2267 12:
381 2235 513 2266 innoxia
533 2234 654 2273 plebes.

227 2285 255 2322 9,

150 2184 237 2218 Ι.80

149 2235 179 2266 h.

151 2284 187 2316 C.
276 2284 309 2316 2:
330 2284 453 2316 innoxii
473 2282 637 2315 florentes.

201 2235 220 2266 Ι

207 2285 226 2316 3

0 2382 45 2413 ζ
150 2382 178 2416 Ι.
199 2383 247 2423 20,
269 2383 299 2416 6:
323 2383 428 2415 animo
448 2381 626 2414 invaserat.

804 226 947 306 ξαριιθξ·
938 273 972 305 in
991 273 1128 313 pedibus
1148 273 1296 313 cuiqnam
1311 282 1396 313 spes,

846 322 904 354 sed
923 322 957 354 in
977 322 1123 354 lacertis.

806 371 838 403 8:
864 371 1023 404 victoriae
1048 370 1192 403 furtivae
1212 370 1395 402 convenire.

807 479 876 510 cap.
897 470 925 502 7.
947 469 978 508 (*
998 469 1119 507 5-13).

806 518 841 553 4:
862 521 998 559 propter
1011 518 1164 558 praedam
1179 518 1304 557 cupido.

807 618 841 648 7:
861 626 968 656 gnara
989 617 1072 648 artis
1094 626 1134 648 ex
1154 616 1328 655 disciplina
1340 625 1396 655 pa-

845 669 975 697 rentum
995 674 1131 705 regnum
1152 665 1182 696 ei
1202 664 1363 705 portendi.

809 715 859 748 10:
881 709 920 747 de
940 715 1004 748 fine
1025 714 1268 748 discordiarum.

807 774 876 804 cap.
897 764 924 796 9.

806 813 837 845 8:
880 813 987 845 omnia
1026 813 1206 852 circumire,
1246 812 1393 853 singulos

804 862 933 895 hortari
954 879 988 885 —-
1011 862 1192 894 admouere.

805 912 856 943 14:
882 921 945 943 non
966 915 1033 944 tam
1058 915 1203 950 mortem,
1229 911 1287 943 sed
1312 911 1393 944 dila-

843 960 959 994 tionem
982 961 1095 994 mortis
1117 960 1282 1001 deprecor.

801 1108 990 1159 timentibus
1011 1112 1128 1142 metum
1149 1108 1297 1150 dempsit.

799 1208 954 1289 {apfflilullil
967 1265 1031 1288 non
1046 1265 1118 1293 esse
1128 1256 1389 1297 praedicaverat.

801 1363 869 1394 cap.
899 1351 944 1386 12.

800 1404 831 1435 1:
851 1403 1048 1444 potestatem
1068 1403 1179 1436 faciat.

799 1453 831 1484 5:
854 1462 911 1493 spe
931 1454 1022 1493 pacis
1044 1454 1173 1485 amissa.

800 1511 870 1541 cap.
892 1502 938 1533 13.

801 1552 833 1583 1:
855 1551 1034 1584 confectum
1056 1552 1142 1583 curis
1164 1561 1294 1584 somnus
1309 1552 1390 1584 arri-

839 1600 920 1640 puit.
1381 1614 1384 1616 ·

800 1698 831 1728 6:
853 1698 950 1729 duces
971 1698 1108 1729 circuire
1129 1707 1213 1729 suos.

800 1756 870 1787 cap.
892 1747 939 1778 14.

798 1795 830 1826 2:
851 1800 979 1827 tantum
1000 1796 1168 1835 sanguinis
1189 1796 1303 1828 fusum.

799 1846 831 1876 5:
863 1844 1137 1884 periculosissima
1163 1854 1308 1884 quaeque
1333 1845 1388 1876 ad-

838 1894 1050 1933 grediebatur
1061 1898 1103 1932 ez,
1115 1894 1169 1925 ubi
1180 1894 1388 1926 confertissu-

838 1952 906 1984 mos
926 1943 1037 1973 hostes
1058 1943 1215 1974 acerrime
1240 1952 1388 1982 pugnare

839 1991 1071 2030 conspexisset,
1093 2000 1130 2021 eo
1152 2000 1186 2022 se
1201 2000 1327 2030 semper
1341 1991 1400 2022 in·-

839 2041 1015 2078 mergebat.

997 2088 1080 2119 liber
1101 2088 1181 2119 XII.

799 2145 868 2177 cap.
890 2136 917 2168 2.

799 2186 849 2217 12:
870 2186 984 2217 foedus
1004 2187 1250 2225 amicitiamque.

799 2234 850 2265 17:
871 2235 963 2273 genti
983 2235 1142 2266 innoxiae.

799 2342 825 2363 c
890 2333 917 2364 3.

798 2380 830 2413 2·
823 2341 958 2414 .pani1n0
979 2367 1276 2422 complectentibus.
