<?xml version="1.0" encoding="UTF-8"?>
<!DOCTYPE html PUBLIC "-//W3C//DTD XHTML 1.0 Transitional//EN"
    "http://www.w3.org/TR/xhtml1/DTD/xhtml1-transitional.dtd">
<html xmlns="http://www.w3.org/1999/xhtml" xml:lang="en" lang="en">
 <head>
  <title>
</title>
<meta http-equiv="Content-Type" content="text/html;charset=utf-8" />
  <meta name='ocr-system' content='tesseract 3.04.00' />
  <meta name='ocr-capabilities' content='ocr_page ocr_carea ocr_par ocr_line ocrx_word'/>
</head>
<body>
  <div class='ocr_page' id='page_1' title='image "4737409_0015.png"; bbox 0 0 1604 2528; ppageno 0'>
   <div class='ocr_carea' id='block_1_1' title="bbox 700 108 936 113">
    <p class='ocr_par' dir='ltr' id='par_1_1' title="bbox 700 108 936 113">
     <span class='ocr_line' id='line_1_1' title="bbox 700 108 936 113; baseline 0 0"><span class='ocrx_word' id='word_1_1' title='bbox 700 108 936 113; x_wconf 95' lang='lat' dir='ltr'> </span> 
     </span>
    </p>
   </div>
   <div class='ocr_carea' id='block_1_2' title="bbox 196 164 1465 311">
    <p class='ocr_par' dir='ltr' id='par_1_2' title="bbox 196 164 1465 311">
     <span class='ocr_line' id='line_1_2' title="bbox 197 164 1458 219; baseline 0.002 -15"><span class='ocrx_word' id='word_1_2' title='bbox 197 173 429 214; x_wconf 82' lang='lat' dir='ltr'>manuscriptis</span> <span class='ocrx_word' id='word_1_3' title='bbox 439 173 461 213; x_wconf 91' lang='lat'>¹)</span> <span class='ocrx_word' id='word_1_4' title='bbox 485 173 678 214; x_wconf 79' lang='lat' dir='ltr'><strong>exploratis,</strong></span> <span class='ocrx_word' id='word_1_5' title='bbox 702 178 859 214; x_wconf 86' lang='lat' dir='ltr'>quantum</span> <span class='ocrx_word' id='word_1_6' title='bbox 880 175 1028 214; x_wconf 81' lang='lat' dir='ltr'>equidem</span> <span class='ocrx_word' id='word_1_7' title='bbox 1047 174 1193 206; x_wconf 81' lang='lat' dir='ltr'>iudicare</span> <span class='ocrx_word' id='word_1_8' title='bbox 1207 183 1348 214; x_wconf 85' lang='lat' dir='ltr'>possum,</span> <span class='ocrx_word' id='word_1_9' title='bbox 1368 164 1458 219; x_wconf 31' lang='lat' dir='ltr'>pris</span> 
     </span>
     <span class='ocr_line' id='line_1_3' title="bbox 197 223 1465 270; baseline 0.002 -16"><span class='ocrx_word' id='word_1_10' title='bbox 197 232 281 254; x_wconf 88' lang='lat' dir='ltr'>mum</span> <span class='ocrx_word' id='word_1_11' title='bbox 303 223 512 262; x_wconf 84' lang='lat' dir='ltr'>adiungenda</span> <span class='ocrx_word' id='word_1_12' title='bbox 533 226 608 254; x_wconf 90' lang='lat' dir='ltr'>sunt</span> <span class='ocrx_word' id='word_1_13' title='bbox 630 226 778 255; x_wconf 89' lang='lat' dir='ltr'>veterum</span> <span class='ocrx_word' id='word_1_14' title='bbox 799 223 1017 262; x_wconf 80' lang='lat' dir='ltr'>testimonia²)</span> <span class='ocrx_word' id='word_1_15' title='bbox 1041 223 1119 262; x_wconf 87' lang='lat' dir='ltr'>sive,</span> <span class='ocrx_word' id='word_1_16' title='bbox 1141 227 1179 255; x_wconf 90' lang='lat' dir='ltr'>ut</span> <span class='ocrx_word' id='word_1_17' title='bbox 1200 232 1271 255; x_wconf 91' lang='lat' dir='ltr'>cum</span> <span class='ocrx_word' id='word_1_18' title='bbox 1290 223 1465 270; x_wconf 59' lang='lat' dir='ltr'>Hertziorf·</span> 
     </span>
     <span class='ocr_line' id='line_1_4' title="bbox 196 271 1460 311; baseline 0.002 -9"><span class='ocrx_word' id='word_1_19' title='bbox 196 271 325 311; x_wconf 82' lang='lat' dir='ltr'>loquar,</span> <span class='ocrx_word' id='word_1_20' title='bbox 348 271 468 302; x_wconf 89' lang='lat' dir='ltr'>iudicia</span> <span class='ocrx_word' id='word_1_21' title='bbox 489 271 670 310; x_wconf 83' lang='lat' dir='ltr'>generalia,</span> <span class='ocrx_word' id='word_1_22' title='bbox 692 280 775 310; x_wconf 89' lang='lat' dir='ltr'>quae</span> <span class='ocrx_word' id='word_1_23' title='bbox 797 272 981 303; x_wconf 86' lang='lat' dir='ltr'>aesthetica</span> <span class='ocrx_word' id='word_1_24' title='bbox 1002 271 1110 303; x_wconf 87' lang='lat' dir='ltr'>dicere</span> <span class='ocrx_word' id='word_1_25' title='bbox 1142 272 1291 311; x_wconf 80' lang='lat' dir='ltr'>solemus,</span> <span class='ocrx_word' id='word_1_26' title='bbox 1317 271 1434 304; x_wconf 75' lang='lat' dir='ltr'>deinde</span> <span class='ocrx_word' id='word_1_27' title='bbox 1457 290 1460 291; x_wconf 31' lang='grc' dir='ltr'><em>ν</em></span> 
     </span>
    </p>
   </div>
   <div class='ocr_carea' id='block_1_3' title="bbox 197 319 1433 416">
    <p class='ocr_par' dir='ltr' id='par_1_3' title="bbox 197 319 1433 416">
     <span class='ocr_line' id='line_1_5' title="bbox 198 319 1433 360; baseline 0.002 -10"><span class='ocrx_word' id='word_1_28' title='bbox 198 319 306 350; x_wconf 87' lang='lat' dir='ltr'>album</span> <span class='ocrx_word' id='word_1_29' title='bbox 326 320 527 351; x_wconf 82' lang='lat' dir='ltr'><strong>imitatorum</strong></span> <span class='ocrx_word' id='word_1_30' title='bbox 548 320 768 359; x_wconf 75' lang='lat' dir='ltr'>quomodoque</span> <span class='ocrx_word' id='word_1_31' title='bbox 790 320 824 351; x_wconf 94' lang='lat' dir='ltr'>in</span> <span class='ocrx_word' id='word_1_32' title='bbox 846 319 1007 352; x_wconf 83' lang='lat' dir='ltr'>Sallustio</span> <span class='ocrx_word' id='word_1_33' title='bbox 1023 330 1155 360; x_wconf 86' lang='lat' dir='ltr'>operam</span> <span class='ocrx_word' id='word_1_34' title='bbox 1169 320 1349 360; x_wconf 81' lang='lat' dir='ltr'>posuerint,</span> <span class='ocrx_word' id='word_1_35' title='bbox 1365 322 1433 353; x_wconf 76' lang='lat' dir='ltr'>tum</span> 
     </span>
     <span class='ocr_line' id='line_1_6' title="bbox 197 367 1432 416; baseline 0.002 -18"><span class='ocrx_word' id='word_1_36' title='bbox 197 367 414 407; x_wconf 77' lang='lat' dir='ltr'>interpretum</span> <span class='ocrx_word' id='word_1_37' title='bbox 435 371 469 399; x_wconf 87' lang='lat' dir='ltr'>et</span> <span class='ocrx_word' id='word_1_38' title='bbox 483 368 623 399; x_wconf 89' lang='lat' dir='ltr'>iudicum</span> <span class='ocrx_word' id='word_1_39' title='bbox 645 368 831 399; x_wconf 83' lang='lat' dir='ltr'>criticorum</span> <span class='ocrx_word' id='word_1_40' title='bbox 846 369 880 399; x_wconf 91' lang='lat' dir='ltr'>in</span> <span class='ocrx_word' id='word_1_41' title='bbox 895 369 1029 401; x_wconf 87' lang='lat' dir='ltr'>edendis</span> <span class='ocrx_word' id='word_1_42' title='bbox 1045 369 1318 407; x_wconf 85' lang='lat' dir='ltr'>emendandisque</span> <span class='ocrx_word' id='word_1_43' title='bbox 1338 368 1432 416; x_wconf 83' lang='lat' dir='ltr'>libris</span> 
     </span>
    </p>
   </div>
   <div class='ocr_carea' id='block_1_4' title="bbox 197 415 1523 505">
    <p class='ocr_par' dir='ltr' id='par_1_4' title="bbox 197 415 1523 505">
     <span class='ocr_line' id='line_1_7' title="bbox 197 415 1469 455; baseline 0.002 -9"><span class='ocrx_word' id='word_1_44' title='bbox 197 416 317 455; x_wconf 87' lang='lat' dir='ltr'>studia,</span> <span class='ocrx_word' id='word_1_45' title='bbox 339 416 477 455; x_wconf 90' lang='lat' dir='ltr'>denique</span> <span class='ocrx_word' id='word_1_46' title='bbox 499 425 599 455; x_wconf 88' lang='lat' dir='ltr'>opera</span> <span class='ocrx_word' id='word_1_47' title='bbox 621 415 772 447; x_wconf 85' lang='lat' dir='ltr'>Sallustii</span> <span class='ocrx_word' id='word_1_48' title='bbox 793 416 826 447; x_wconf 90' lang='lat' dir='ltr'>in</span> <span class='ocrx_word' id='word_1_49' title='bbox 848 416 995 455; x_wconf 81' lang='lat' dir='ltr'>linguam</span> <span class='ocrx_word' id='word_1_50' title='bbox 1017 415 1244 448; x_wconf 82' lang='lat' dir='ltr'>Germanicam</span> <span class='ocrx_word' id='word_1_51' title='bbox 1265 423 1433 449; x_wconf 73' lang='lat' dir='ltr'>conversa.</span> <span class='ocrx_word' id='word_1_52' title='bbox 1466 454 1469 455; x_wconf 19' lang='lat'><em>⁷</em></span> 
     </span>
     <span class='ocr_line' id='line_1_8' title="bbox 276 463 1523 505; baseline 0.002 -10"><span class='ocrx_word' id='word_1_53' title='bbox 276 464 328 496; x_wconf 90' lang='lat' dir='ltr'>De</span> <span class='ocrx_word' id='word_1_54' title='bbox 354 463 574 496; x_wconf 80' lang='lat' dir='ltr'>imitatoribus</span> <span class='ocrx_word' id='word_1_55' title='bbox 596 463 749 495; x_wconf 80' lang='lat' dir='ltr'>Sallustii</span> <span class='ocrx_word' id='word_1_56' title='bbox 776 464 915 504; x_wconf 86' lang='lat' dir='ltr'>singulis</span> <span class='ocrx_word' id='word_1_57' title='bbox 937 465 1002 496; x_wconf 89' lang='lat' dir='ltr'>iam</span> <span class='ocrx_word' id='word_1_58' title='bbox 1029 465 1250 505; x_wconf 81' lang='lat' dir='ltr'>peculiaribus</span> <span class='ocrx_word' id='word_1_59' title='bbox 1277 473 1432 497; x_wconf 86' lang='lat' dir='ltr'>commen·</span> <span class='ocrx_word' id='word_1_60' title='bbox 1466 464 1474 499; x_wconf 73' lang='lat' dir='ltr'><em>j</em></span> <span class='ocrx_word' id='word_1_61' title='bbox 1513 465 1523 478; x_wconf 67' lang='lat'>⁵</span> 
     </span>
    </p>
   </div>
   <div class='ocr_carea' id='block_1_5' title="bbox 197 512 1433 553">
    <p class='ocr_par' dir='ltr' id='par_1_5' title="bbox 197 512 1433 553">
     <span class='ocr_line' id='line_1_9' title="bbox 197 512 1433 553; baseline 0.002 -10"><span class='ocrx_word' id='word_1_62' title='bbox 197 512 378 544; x_wconf 66' lang='lat' dir='ltr'>lationibus</span> <span class='ocrx_word' id='word_1_63' title='bbox 394 513 513 553; x_wconf 89' lang='lat' dir='ltr'>optime</span> <span class='ocrx_word' id='word_1_64' title='bbox 528 513 636 544; x_wconf 86' lang='lat' dir='ltr'>meriti</span> <span class='ocrx_word' id='word_1_65' title='bbox 652 516 729 544; x_wconf 90' lang='lat' dir='ltr'>sunt</span> <span class='ocrx_word' id='word_1_66' title='bbox 750 513 814 544; x_wconf 90' lang='lat' dir='ltr'>viri</span> <span class='ocrx_word' id='word_1_67' title='bbox 829 513 1009 545; x_wconf 89' lang='lat' dir='ltr'>doctissimi</span> <span class='ocrx_word' id='word_1_68' title='bbox 1018 514 1052 552; x_wconf 76' lang='lat'>²²).</span> <span class='ocrx_word' id='word_1_69' title='bbox 1074 513 1131 545; x_wconf 89' lang='lat' dir='ltr'>Ad</span> <span class='ocrx_word' id='word_1_70' title='bbox 1145 516 1247 545; x_wconf 89' lang='lat' dir='ltr'>totam</span> <span class='ocrx_word' id='word_1_71' title='bbox 1261 513 1433 546; x_wconf 73' lang='lat' dir='ltr'>historiam</span> 
     </span>
    </p>
   </div>
   <div class='ocr_carea' id='block_1_6' title="bbox 198 561 1525 601">
    <p class='ocr_par' dir='ltr' id='par_1_6' title="bbox 198 561 1525 601">
     <span class='ocr_line' id='line_1_10' title="bbox 198 561 1525 601; baseline 0.002 -9"><span class='ocrx_word' id='word_1_72' title='bbox 198 561 448 601; x_wconf 83' lang='lat' dir='ltr'>componendam</span> <span class='ocrx_word' id='word_1_73' title='bbox 480 570 553 592; x_wconf 87' lang='lat' dir='ltr'>mea</span> <span class='ocrx_word' id='word_1_74' title='bbox 579 561 687 600; x_wconf 86' lang='lat' dir='ltr'>opella</span> <span class='ocrx_word' id='word_1_75' title='bbox 720 570 886 593; x_wconf 90' lang='lat' dir='ltr'>accessum</span> <span class='ocrx_word' id='word_1_76' title='bbox 918 562 1048 601; x_wconf 89' lang='lat' dir='ltr'>aperire</span> <span class='ocrx_word' id='word_1_77' title='bbox 1075 563 1115 593; x_wconf 91' lang='lat' dir='ltr'>ab</span> <span class='ocrx_word' id='word_1_78' title='bbox 1143 570 1244 600; x_wconf 89' lang='lat' dir='ltr'>eaque</span> <span class='ocrx_word' id='word_1_79' title='bbox 1265 562 1432 594; x_wconf 81' lang='lat' dir='ltr'>exordium</span> <span class='ocrx_word' id='word_1_80' title='bbox 1465 592 1467 595; x_wconf 17' lang='grc' dir='ltr'><em>Α</em></span> <span class='ocrx_word' id='word_1_81' title='bbox 1505 596 1525 601; x_wconf 21' lang='grc' dir='ltr'><strong>Ν</strong></span> 
     </span>
    </p>
   </div>
   <div class='ocr_carea' id='block_1_7' title="bbox 197 609 1434 698">
    <p class='ocr_par' dir='ltr' id='par_1_7' title="bbox 197 609 1434 698">
     <span class='ocr_line' id='line_1_11' title="bbox 200 609 1432 655; baseline 0.001 -13"><span class='ocrx_word' id='word_1_82' title='bbox 200 620 319 651; x_wconf 82' lang='lat' dir='ltr'>capere</span> <span class='ocrx_word' id='word_1_83' title='bbox 340 610 373 641; x_wconf 93' lang='lat' dir='ltr'>in</span> <span class='ocrx_word' id='word_1_84' title='bbox 397 610 502 641; x_wconf 86' lang='lat' dir='ltr'>animo</span> <span class='ocrx_word' id='word_1_85' title='bbox 525 609 639 648; x_wconf 84' lang='lat' dir='ltr'>habeo,</span> <span class='ocrx_word' id='word_1_86' title='bbox 671 610 705 641; x_wconf 91' lang='lat' dir='ltr'>in</span> <span class='ocrx_word' id='word_1_87' title='bbox 730 609 900 649; x_wconf 86' lang='lat' dir='ltr'>praesenti</span> <span class='ocrx_word' id='word_1_88' title='bbox 927 610 1054 655; x_wconf 87' lang='lat' dir='ltr'>quidem</span> <span class='ocrx_word' id='word_1_89' title='bbox 1074 610 1172 650; x_wconf 88' lang='lat' dir='ltr'>plane</span> <span class='ocrx_word' id='word_1_90' title='bbox 1192 610 1372 650; x_wconf 82' lang='lat' dir='ltr'>perfectam</span> <span class='ocrx_word' id='word_1_91' title='bbox 1393 611 1432 643; x_wconf 89' lang='lat' dir='ltr'>de</span> 
     </span>
     <span class='ocr_line' id='line_1_12' title="bbox 197 658 1434 698; baseline 0 -7"><span class='ocrx_word' id='word_1_92' title='bbox 197 660 259 691; x_wconf 86' lang='lat' dir='ltr'>hac</span> <span class='ocrx_word' id='word_1_93' title='bbox 280 669 316 691; x_wconf 91' lang='lat' dir='ltr'>re</span> <span class='ocrx_word' id='word_1_94' title='bbox 339 659 562 698; x_wconf 85' lang='lat' dir='ltr'>quaestionem</span> <span class='ocrx_word' id='word_1_95' title='bbox 584 658 738 690; x_wconf 86' lang='lat' dir='ltr'>differens</span> <span class='ocrx_word' id='word_1_96' title='bbox 760 667 798 690; x_wconf 87' lang='lat' dir='ltr'>ac</span> <span class='ocrx_word' id='word_1_97' title='bbox 818 658 1064 697; x_wconf 85' lang='lat' dir='ltr'>procrastinans</span> <span class='ocrx_word' id='word_1_98' title='bbox 1085 659 1139 690; x_wconf 88' lang='lat' dir='ltr'>vel</span> <span class='ocrx_word' id='word_1_99' title='bbox 1165 659 1246 690; x_wconf 89' lang='lat' dir='ltr'>viris</span> <span class='ocrx_word' id='word_1_100' title='bbox 1270 658 1434 698; x_wconf 81' lang='lat' dir='ltr'>politioris</span> 
     </span>
    </p>
   </div>
   <div class='ocr_carea' id='block_1_8' title="bbox 198 706 1491 752">
    <p class='ocr_par' dir='ltr' id='par_1_8' title="bbox 198 706 1491 752">
     <span class='ocr_line' id='line_1_13' title="bbox 198 706 1491 752; baseline 0.001 -13"><span class='ocrx_word' id='word_1_101' title='bbox 198 708 418 746; x_wconf 90' lang='lat' dir='ltr'>doctiorisque</span> <span class='ocrx_word' id='word_1_102' title='bbox 440 707 565 745; x_wconf 84' lang='lat' dir='ltr'>ingenii</span> <span class='ocrx_word' id='word_1_103' title='bbox 585 706 789 746; x_wconf 81' lang='lat' dir='ltr'>permittens.</span> <span class='ocrx_word' id='word_1_104' title='bbox 821 706 981 745; x_wconf 88' lang='lat' dir='ltr'>Equidem</span> <span class='ocrx_word' id='word_1_105' title='bbox 1002 707 1085 738; x_wconf 91' lang='lat' dir='ltr'>satis</span> <span class='ocrx_word' id='word_1_106' title='bbox 1106 707 1242 744; x_wconf 86' lang='lat' dir='ltr'>habebo,</span> <span class='ocrx_word' id='word_1_107' title='bbox 1265 707 1292 739; x_wconf 87' lang='lat' dir='ltr'>si</span> <span class='ocrx_word' id='word_1_108' title='bbox 1307 717 1433 748; x_wconf 83' lang='lat' dir='ltr'>compa·</span> <span class='ocrx_word' id='word_1_109' title='bbox 1488 750 1491 752; x_wconf 36' lang='grc'>-</span> 
     </span>
    </p>
   </div>
   <div class='ocr_carea' id='block_1_9' title="bbox 195 754 1433 892">
    <p class='ocr_par' dir='ltr' id='par_1_9' title="bbox 195 754 1433 892">
     <span class='ocr_line' id='line_1_14' title="bbox 197 754 1433 796; baseline 0.001 -9"><span class='ocrx_word' id='word_1_110' title='bbox 197 756 282 787; x_wconf 87' lang='lat' dir='ltr'>ratis</span> <span class='ocrx_word' id='word_1_111' title='bbox 304 755 465 787; x_wconf 88' lang='lat' dir='ltr'>Sallustio</span> <span class='ocrx_word' id='word_1_112' title='bbox 488 759 521 787; x_wconf 89' lang='lat' dir='ltr'>et</span> <span class='ocrx_word' id='word_1_113' title='bbox 542 755 697 794; x_wconf 89' lang='lat' dir='ltr'>Pompeio</span> <span class='ocrx_word' id='word_1_114' title='bbox 719 754 830 794; x_wconf 81' lang='lat' dir='ltr'>Trogo</span> <span class='ocrx_word' id='word_1_115' title='bbox 862 755 1028 786; x_wconf 87' lang='lat' dir='ltr'>imitatore</span> <span class='ocrx_word' id='word_1_116' title='bbox 1059 756 1162 796; x_wconf 86' lang='lat' dir='ltr'>primo</span> <span class='ocrx_word' id='word_1_117' title='bbox 1193 756 1357 788; x_wconf 68' lang='lat' dir='ltr'>historiae⁴</span> <span class='ocrx_word' id='word_1_118' title='bbox 1382 757 1433 788; x_wconf 92' lang='lat' dir='ltr'>illi</span> 
     </span>
     <span class='ocr_line' id='line_1_15' title="bbox 195 803 1431 843; baseline 0.001 -7"><span class='ocrx_word' id='word_1_119' title='bbox 195 805 408 836; x_wconf 81' lang='lat' dir='ltr'>fundamenta</span> <span class='ocrx_word' id='word_1_120' title='bbox 428 805 545 842; x_wconf 80' lang='lat' dir='ltr'>iecere,</span> <span class='ocrx_word' id='word_1_121' title='bbox 566 804 705 842; x_wconf 87' lang='lat' dir='ltr'>novique</span> <span class='ocrx_word' id='word_1_122' title='bbox 720 803 845 842; x_wconf 84' lang='lat' dir='ltr'>aliquid</span> <span class='ocrx_word' id='word_1_123' title='bbox 859 812 909 834; x_wconf 89' lang='lat' dir='ltr'>me</span> <span class='ocrx_word' id='word_1_124' title='bbox 924 804 1076 835; x_wconf 87' lang='lat' dir='ltr'>attulisse</span> <span class='ocrx_word' id='word_1_125' title='bbox 1092 805 1230 843; x_wconf 88' lang='lat' dir='ltr'>credam,</span> <span class='ocrx_word' id='word_1_126' title='bbox 1252 805 1280 836; x_wconf 88' lang='lat' dir='ltr'>si</span> <span class='ocrx_word' id='word_1_127' title='bbox 1294 804 1431 837; x_wconf 88' lang='lat' dir='ltr'>inillam</span> 
     </span>
     <span class='ocr_line' id='line_1_16' title="bbox 197 851 1298 892; baseline 0.001 -8"><span class='ocrx_word' id='word_1_128' title='bbox 197 863 265 885; x_wconf 87' lang='lat' dir='ltr'>rem</span> <span class='ocrx_word' id='word_1_129' title='bbox 288 862 352 884; x_wconf 88' lang='lat' dir='ltr'>non</span> <span class='ocrx_word' id='word_1_130' title='bbox 373 853 580 884; x_wconf 87' lang='lat' dir='ltr'>iniucundam</span> <span class='ocrx_word' id='word_1_131' title='bbox 602 852 736 891; x_wconf 86' lang='lat' dir='ltr'>cognitu</span> <span class='ocrx_word' id='word_1_132' title='bbox 757 851 854 891; x_wconf 82' lang='lat' dir='ltr'>paulo</span> <span class='ocrx_word' id='word_1_133' title='bbox 877 851 1069 891; x_wconf 82' lang='lat' dir='ltr'>diligentius</span> <span class='ocrx_word' id='word_1_134' title='bbox 1089 853 1298 892; x_wconf 64' lang='lat' dir='ltr'>inquisivere</span> 
     </span>
    </p>
   </div>
   <div class='ocr_carea' id='block_1_10' title="bbox 280 894 1477 942">
    <p class='ocr_par' dir='ltr' id='par_1_10' title="bbox 280 894 1477 942">
     <span class='ocr_line' id='line_1_17' title="bbox 280 894 1477 942; baseline 0 -8"><span class='ocrx_word' id='word_1_135' title='bbox 280 902 378 934; x_wconf 89' lang='lat' dir='ltr'>Viam</span> <span class='ocrx_word' id='word_1_136' title='bbox 400 911 438 932; x_wconf 92' lang='lat' dir='ltr'>ac</span> <span class='ocrx_word' id='word_1_137' title='bbox 459 902 629 939; x_wconf 82' lang='lat' dir='ltr'>rationem,</span> <span class='ocrx_word' id='word_1_138' title='bbox 652 911 746 940; x_wconf 88' lang='lat' dir='ltr'>quam</span> <span class='ocrx_word' id='word_1_139' title='bbox 775 901 808 931; x_wconf 92' lang='lat' dir='ltr'>in</span> <span class='ocrx_word' id='word_1_140' title='bbox 834 902 1076 941; x_wconf 85' lang='lat' dir='ltr'>comparatione</span> <span class='ocrx_word' id='word_1_141' title='bbox 1103 911 1231 941; x_wconf 90' lang='lat' dir='ltr'>sequar,</span> <span class='ocrx_word' id='word_1_142' title='bbox 1258 905 1295 934; x_wconf 90' lang='lat' dir='ltr'>ut</span> <span class='ocrx_word' id='word_1_143' title='bbox 1319 903 1433 942; x_wconf 85' lang='lat' dir='ltr'>paucis</span> <span class='ocrx_word' id='word_1_144' title='bbox 1474 894 1477 897; x_wconf 49' lang='grc'>’</span> 
     </span>
    </p>
   </div>
   <div class='ocr_carea' id='block_1_11' title="bbox 192 950 1433 1381">
    <p class='ocr_par' dir='ltr' id='par_1_11' title="bbox 192 950 1433 1381">
     <span class='ocr_line' id='line_1_18' title="bbox 197 950 1431 990; baseline 0.001 -8"><span class='ocrx_word' id='word_1_145' title='bbox 197 951 388 990; x_wconf 81' lang='lat' dir='ltr'>significem,</span> <span class='ocrx_word' id='word_1_146' title='bbox 409 959 520 981; x_wconf 91' lang='lat' dir='ltr'>vocem</span> <span class='ocrx_word' id='word_1_147' title='bbox 541 950 740 980; x_wconf 87' lang='lat' dir='ltr'>imitatorum</span> <span class='ocrx_word' id='word_1_148' title='bbox 763 959 826 981; x_wconf 90' lang='lat' dir='ltr'>non</span> <span class='ocrx_word' id='word_1_149' title='bbox 847 950 895 981; x_wconf 90' lang='lat' dir='ltr'>ita</span> <span class='ocrx_word' id='word_1_150' title='bbox 917 950 1020 990; x_wconf 85' lang='lat' dir='ltr'>accipi</span> <span class='ocrx_word' id='word_1_151' title='bbox 1034 951 1121 987; x_wconf 80' lang='lat' dir='ltr'>volo,</span> <span class='ocrx_word' id='word_1_152' title='bbox 1144 951 1236 989; x_wconf 86' lang='lat' dir='ltr'>quasi</span> <span class='ocrx_word' id='word_1_153' title='bbox 1257 954 1292 982; x_wconf 90' lang='lat' dir='ltr'>et</span> <span class='ocrx_word' id='word_1_154' title='bbox 1311 952 1345 983; x_wconf 92' lang='lat' dir='ltr'>in</span> <span class='ocrx_word' id='word_1_155' title='bbox 1360 959 1431 983; x_wconf 82' lang='lat' dir='ltr'>sen-</span> 
     </span>
     <span class='ocr_line' id='line_1_19' title="bbox 196 997 1429 1038; baseline 0.001 -8"><span class='ocrx_word' id='word_1_156' title='bbox 196 999 310 1031; x_wconf 88' lang='lat' dir='ltr'>tentiis</span> <span class='ocrx_word' id='word_1_157' title='bbox 334 1002 432 1037; x_wconf 89' lang='lat' dir='ltr'>atque</span> <span class='ocrx_word' id='word_1_158' title='bbox 454 998 582 1029; x_wconf 84' lang='lat' dir='ltr'>iudiciis</span> <span class='ocrx_word' id='word_1_159' title='bbox 605 998 723 1029; x_wconf 87' lang='lat' dir='ltr'>stolide</span> <span class='ocrx_word' id='word_1_160' title='bbox 746 997 940 1029; x_wconf 86' lang='lat' dir='ltr'>Sallustium</span> <span class='ocrx_word' id='word_1_161' title='bbox 960 999 1156 1038; x_wconf 89' lang='lat' dir='ltr'>repetierint</span> <span class='ocrx_word' id='word_1_162' title='bbox 1177 1002 1211 1030; x_wconf 91' lang='lat' dir='ltr'>et</span> <span class='ocrx_word' id='word_1_163' title='bbox 1231 1002 1336 1031; x_wconf 89' lang='lat' dir='ltr'>totum</span> <span class='ocrx_word' id='word_1_164' title='bbox 1352 1000 1429 1031; x_wconf 85' lang='lat' dir='ltr'>scri-</span> 
     </span>
     <span class='ocr_line' id='line_1_20' title="bbox 195 1046 1431 1086; baseline 0.001 -8"><span class='ocrx_word' id='word_1_165' title='bbox 195 1048 293 1078; x_wconf 90' lang='lat' dir='ltr'>bendi</span> <span class='ocrx_word' id='word_1_166' title='bbox 314 1056 418 1086; x_wconf 85' lang='lat' dir='ltr'>genus</span> <span class='ocrx_word' id='word_1_167' title='bbox 441 1055 533 1077; x_wconf 89' lang='lat' dir='ltr'>suum</span> <span class='ocrx_word' id='word_1_168' title='bbox 556 1046 598 1077; x_wconf 90' lang='lat' dir='ltr'>ad</span> <span class='ocrx_word' id='word_1_169' title='bbox 623 1046 714 1076; x_wconf 89' lang='lat' dir='ltr'>illum</span> <span class='ocrx_word' id='word_1_170' title='bbox 747 1047 1076 1085; x_wconf 76' lang='lat' dir='ltr'>accommodaverint3</span> <span class='ocrx_word' id='word_1_171' title='bbox 1109 1050 1237 1079; x_wconf 88' lang='lat' dir='ltr'>tantum</span> <span class='ocrx_word' id='word_1_172' title='bbox 1259 1049 1362 1086; x_wconf 87' lang='lat' dir='ltr'>abest,</span> <span class='ocrx_word' id='word_1_173' title='bbox 1394 1051 1431 1079; x_wconf 87' lang='lat' dir='ltr'>ut</span> 
     </span>
     <span class='ocr_line' id='line_1_21' title="bbox 195 1093 1433 1133; baseline 0.001 -7"><span class='ocrx_word' id='word_1_174' title='bbox 195 1096 229 1126; x_wconf 92' lang='lat' dir='ltr'>in</span> <span class='ocrx_word' id='word_1_175' title='bbox 251 1095 457 1126; x_wconf 89' lang='lat' dir='ltr'>conficiendis</span> <span class='ocrx_word' id='word_1_176' title='bbox 480 1093 760 1125; x_wconf 89' lang='lat' dir='ltr'>enuntiationibus</span> <span class='ocrx_word' id='word_1_177' title='bbox 782 1094 1015 1133; x_wconf 88' lang='lat' dir='ltr'>vocabulisque</span> <span class='ocrx_word' id='word_1_178' title='bbox 1037 1094 1234 1126; x_wconf 85' lang='lat' dir='ltr'>collocandis</span> <span class='ocrx_word' id='word_1_179' title='bbox 1260 1095 1294 1126; x_wconf 92' lang='lat' dir='ltr'>id</span> <span class='ocrx_word' id='word_1_180' title='bbox 1320 1098 1372 1126; x_wconf 90' lang='lat' dir='ltr'>est</span> <span class='ocrx_word' id='word_1_181' title='bbox 1396 1095 1433 1127; x_wconf 32' lang='lat' dir='ltr'>in*</span> 
     </span>
     <span class='ocr_line' id='line_1_22' title="bbox 198 1141 1431 1182; baseline 0.001 -8"><span class='ocrx_word' id='word_1_182' title='bbox 198 1144 284 1179; x_wconf 78' lang='lat' dir='ltr'>stilo.</span> <span class='ocrx_word' id='word_1_183' title='bbox 317 1143 371 1182; x_wconf 89' lang='lat' dir='ltr'>qui</span> <span class='ocrx_word' id='word_1_184' title='bbox 392 1146 539 1180; x_wconf 83' lang='lat' dir='ltr'>vocatur,</span> <span class='ocrx_word' id='word_1_185' title='bbox 572 1141 661 1173; x_wconf 91' lang='lat' dir='ltr'>color</span> <span class='ocrx_word' id='word_1_186' title='bbox 683 1141 906 1173; x_wconf 87' lang='lat' dir='ltr'>Sallustianus</span> <span class='ocrx_word' id='word_1_187' title='bbox 938 1142 1091 1173; x_wconf 89' lang='lat' dir='ltr'>universo</span> <span class='ocrx_word' id='word_1_188' title='bbox 1124 1143 1281 1174; x_wconf 87' lang='lat' dir='ltr'>orationis</span> <span class='ocrx_word' id='word_1_189' title='bbox 1302 1143 1431 1175; x_wconf 86' lang='lat' dir='ltr'>habitui</span> 
     </span>
     <span class='ocr_line' id='line_1_23' title="bbox 196 1190 1430 1232; baseline 0.001 -10"><span class='ocrx_word' id='word_1_190' title='bbox 196 1195 295 1230; x_wconf 85' lang='lat' dir='ltr'>atque</span> <span class='ocrx_word' id='word_1_191' title='bbox 316 1191 418 1222; x_wconf 89' lang='lat' dir='ltr'>indoli</span> <span class='ocrx_word' id='word_1_192' title='bbox 446 1190 627 1222; x_wconf 87' lang='lat' dir='ltr'>clarissime</span> <span class='ocrx_word' id='word_1_193' title='bbox 660 1191 836 1229; x_wconf 89' lang='lat' dir='ltr'>adspersus</span> <span class='ocrx_word' id='word_1_194' title='bbox 869 1194 1039 1230; x_wconf 87' lang='lat' dir='ltr'>appareat,</span> <span class='ocrx_word' id='word_1_195' title='bbox 1072 1201 1141 1222; x_wconf 91' lang='lat' dir='ltr'>cum</span> <span class='ocrx_word' id='word_1_196' title='bbox 1173 1201 1264 1223; x_wconf 87' lang='lat' dir='ltr'>suam</span> <span class='ocrx_word' id='word_1_197' title='bbox 1295 1192 1430 1232; x_wconf 83' lang='lat' dir='ltr'>quisquo</span> 
     </span>
     <span class='ocr_line' id='line_1_24' title="bbox 192 1239 1429 1281; baseline 0.005 -10"><span class='ocrx_word' id='word_1_198' title='bbox 192 1240 346 1279; x_wconf 88' lang='lat' dir='ltr'>loquendi</span> <span class='ocrx_word' id='word_1_199' title='bbox 376 1240 537 1271; x_wconf 89' lang='lat' dir='ltr'>rationem</span> <span class='ocrx_word' id='word_1_200' title='bbox 569 1239 630 1270; x_wconf 90' lang='lat' dir='ltr'>sibi</span> <span class='ocrx_word' id='word_1_201' title='bbox 661 1239 803 1278; x_wconf 85' lang='lat' dir='ltr'>finxerit,</span> <span class='ocrx_word' id='word_1_202' title='bbox 835 1243 872 1270; x_wconf 88' lang='lat' dir='ltr'>ut</span> <span class='ocrx_word' id='word_1_203' title='bbox 903 1240 1041 1279; x_wconf 86' lang='lat' dir='ltr'>singulis</span> <span class='ocrx_word' id='word_1_204' title='bbox 1070 1241 1104 1271; x_wconf 92' lang='lat' dir='ltr'>in</span> <span class='ocrx_word' id='word_1_205' title='bbox 1130 1242 1250 1281; x_wconf 90' lang='lat' dir='ltr'>verbis,</span> <span class='ocrx_word' id='word_1_206' title='bbox 1281 1242 1429 1277; x_wconf 86' lang='lat' dir='ltr'>formulis</span> 
     </span>
     <span class='ocr_line' id='line_1_25' title="bbox 194 1287 1428 1333; baseline 0.004 -14"><span class='ocrx_word' id='word_1_207' title='bbox 194 1288 331 1327; x_wconf 83' lang='lat' dir='ltr'>dicendi,</span> <span class='ocrx_word' id='word_1_208' title='bbox 352 1288 478 1326; x_wconf 83' lang='lat' dir='ltr'>figuris,</span> <span class='ocrx_word' id='word_1_209' title='bbox 501 1287 683 1322; x_wconf 78' lang='lat' dir='ltr'>sententiis.</span> <span class='ocrx_word' id='word_1_210' title='bbox 698 1287 958 1326; x_wconf 84' lang='lat' dir='ltr'>proprietatibus</span> <span class='ocrx_word' id='word_1_211' title='bbox 980 1287 1131 1319; x_wconf 91' lang='lat' dir='ltr'>Sallustii</span> <span class='ocrx_word' id='word_1_212' title='bbox 1152 1292 1310 1322; x_wconf 90' lang='lat' dir='ltr'>sermonis</span> <span class='ocrx_word' id='word_1_213' title='bbox 1332 1293 1428 1333; x_wconf 89' lang='lat' dir='ltr'>adop-</span> 
     </span>
     <span class='ocr_line' id='line_1_26' title="bbox 192 1335 1428 1381; baseline 0.004 -13"><span class='ocrx_word' id='word_1_214' title='bbox 192 1337 283 1375; x_wconf 81' lang='lat' dir='ltr'>tatis,</span> <span class='ocrx_word' id='word_1_215' title='bbox 304 1336 563 1367; x_wconf 84' lang='lat' dir='ltr'>familiaritatem</span> <span class='ocrx_word' id='word_1_216' title='bbox 584 1335 672 1366; x_wconf 91' lang='lat' dir='ltr'>inter</span> <span class='ocrx_word' id='word_1_217' title='bbox 693 1335 777 1366; x_wconf 86' lang='lat' dir='ltr'>hunc</span> <span class='ocrx_word' id='word_1_218' title='bbox 802 1335 1063 1375; x_wconf 87' lang='lat' dir='ltr'>imitatoremque</span> <span class='ocrx_word' id='word_1_219' title='bbox 1085 1337 1289 1371; x_wconf 88' lang='lat' dir='ltr'>intercedere</span> <span class='ocrx_word' id='word_1_220' title='bbox 1312 1350 1428 1381; x_wconf 85' lang='lat' dir='ltr'>cogno-</span> 
     </span>
    </p>
   </div>
   <div class='ocr_carea' id='block_1_12' title="bbox 278 1422 1426 1618">
    <p class='ocr_par' dir='ltr' id='par_1_12' title="bbox 278 1422 1426 1618">
     <span class='ocr_line' id='line_1_27' title="bbox 278 1422 1199 1476; baseline 0 -22"><span class='ocrx_word' id='word_1_221' title='bbox 278 1425 299 1462; x_wconf 93' lang='lat'>¹)</span> <span class='ocrx_word' id='word_1_222' title='bbox 319 1425 355 1454; x_wconf 83' lang='lat' dir='ltr'>cf.</span> <span class='ocrx_word' id='word_1_223' title='bbox 378 1433 448 1468; x_wconf 73' lang='lat' dir='ltr'>quae</span> <span class='ocrx_word' id='word_1_224' title='bbox 470 1423 581 1452; x_wconf 83' lang='lat' dir='ltr'>Teuffel</span> <span class='ocrx_word' id='word_1_225' title='bbox 601 1423 686 1471; x_wconf 58' lang='lat' dir='ltr'>R6m3</span> <span class='ocrx_word' id='word_1_226' title='bbox 704 1422 867 1459; x_wconf 75' lang='lat' dir='ltr'>Litgesch.³</span> <span class='ocrx_word' id='word_1_227' title='bbox 885 1433 912 1461; x_wconf 91' lang='lat' dir='ltr'>p.</span> <span class='ocrx_word' id='word_1_228' title='bbox 934 1424 998 1476; x_wconf 47' lang='lat'>39‘53</span> <span class='ocrx_word' id='word_1_229' title='bbox 1020 1425 1037 1453; x_wconf 87' lang='lat'>8</span> <span class='ocrx_word' id='word_1_230' title='bbox 1056 1425 1186 1455; x_wconf 79' lang='lat' dir='ltr'>laudavit</span> <span class='ocrx_word' id='word_1_231' title='bbox 1193 1439 1199 1461; x_wconf 85' lang='lat'>;</span> 
     </span>
     <span class='ocr_line' id='line_1_28' title="bbox 372 1460 1282 1540; baseline 0.003 -10"><span class='ocrx_word' id='word_1_232' title='bbox 372 1460 1021 1537; x_wconf 31' lang='lat' dir='ltr'>ggffixdhlfffiitffalafflfimlhffl‘fiixz‘jffl</span> <span class='ocrx_word' id='word_1_233' title='bbox 1042 1502 1072 1531; x_wconf 91' lang='lat'>11</span> <span class='ocrx_word' id='word_1_234' title='bbox 1094 1503 1108 1531; x_wconf 91' lang='lat'>1</span> <span class='ocrx_word' id='word_1_235' title='bbox 1130 1512 1158 1540; x_wconf 84' lang='lat' dir='ltr'>p.</span> <span class='ocrx_word' id='word_1_236' title='bbox 1181 1503 1282 1533; x_wconf 87' lang='lat'>1—45.</span> 
     </span>
     <span class='ocr_line' id='line_1_29' title="bbox 370 1537 1276 1577; baseline 0.003 -10"><span class='ocrx_word' id='word_1_237' title='bbox 370 1539 499 1567; x_wconf 79' lang='lat' dir='ltr'>Dietsch.</span> <span class='ocrx_word' id='word_1_238' title='bbox 520 1546 623 1566; x_wconf 85' lang='lat' dir='ltr'>comm.</span> <span class='ocrx_word' id='word_1_239' title='bbox 644 1538 659 1565; x_wconf 92' lang='lat' dir='ltr'>l</span> <span class='ocrx_word' id='word_1_240' title='bbox 679 1537 749 1565; x_wconf 83' lang='lat' dir='ltr'>Sall.</span> <span class='ocrx_word' id='word_1_241' title='bbox 770 1537 815 1566; x_wconf 87' lang='lat' dir='ltr'>ed.</span> <span class='ocrx_word' id='word_1_242' title='bbox 835 1539 902 1567; x_wconf 78' lang='lat' dir='ltr'>mai.</span> <span class='ocrx_word' id='word_1_243' title='bbox 924 1540 1073 1575; x_wconf 83' lang='lat' dir='ltr'>praemiss.</span> <span class='ocrx_word' id='word_1_244' title='bbox 1092 1540 1171 1577; x_wconf 88' lang='lat' dir='ltr'>Lips.</span> <span class='ocrx_word' id='word_1_245' title='bbox 1194 1542 1276 1570; x_wconf 81' lang='lat'>1859.</span> 
     </span>
     <span class='ocr_line' id='line_1_30' title="bbox 372 1573 1426 1618; baseline 0.006 -14"><span class='ocrx_word' id='word_1_246' title='bbox 372 1575 540 1604; x_wconf 86' lang='lat' dir='ltr'>Kuhlmann</span> <span class='ocrx_word' id='word_1_247' title='bbox 560 1575 596 1604; x_wconf 87' lang='lat' dir='ltr'>de</span> <span class='ocrx_word' id='word_1_248' title='bbox 617 1574 686 1603; x_wconf 80' lang='lat' dir='ltr'>Sall.</span> <span class='ocrx_word' id='word_1_249' title='bbox 709 1573 805 1603; x_wconf 85' lang='lat' dir='ltr'>codice</span> <span class='ocrx_word' id='word_1_250' title='bbox 831 1575 962 1605; x_wconf 88' lang='lat' dir='ltr'>Parisino</span> <span class='ocrx_word' id='word_1_251' title='bbox 984 1577 1049 1606; x_wconf 79' lang='lat'>500.</span> <span class='ocrx_word' id='word_1_252' title='bbox 1069 1576 1238 1616; x_wconf 80' lang='lat' dir='ltr'>oldenburg</span> <span class='ocrx_word' id='word_1_253' title='bbox 1255 1579 1337 1610; x_wconf 87' lang='lat'>1880.</span> <span class='ocrx_word' id='word_1_254' title='bbox 1358 1589 1385 1618; x_wconf 89' lang='lat' dir='ltr'>p.</span> <span class='ocrx_word' id='word_1_255' title='bbox 1402 1581 1426 1610; x_wconf 96' lang='grc'>1.</span> 
     </span>
    </p>
   </div>
   <div class='ocr_carea' id='block_1_13' title="bbox 193 1622 1428 1775">
    <p class='ocr_par' dir='ltr' id='par_1_13' title="bbox 193 1622 1428 1775">
     <span class='ocr_line' id='line_1_31' title="bbox 272 1622 1428 1661; baseline 0.003 -7"><span class='ocrx_word' id='word_1_256' title='bbox 272 1624 294 1660; x_wconf 82' lang='lat'>²)</span> <span class='ocrx_word' id='word_1_257' title='bbox 316 1624 395 1659; x_wconf 82' lang='lat' dir='ltr'>Quae</span> <span class='ocrx_word' id='word_1_258' title='bbox 416 1623 453 1652; x_wconf 82' lang='lat' dir='ltr'>ad</span> <span class='ocrx_word' id='word_1_259' title='bbox 474 1623 564 1652; x_wconf 76' lang='lat' dir='ltr'>vitam</span> <span class='ocrx_word' id='word_1_260' title='bbox 593 1622 742 1660; x_wconf 83' lang='lat' dir='ltr'>scriptoris</span> <span class='ocrx_word' id='word_1_261' title='bbox 770 1624 903 1659; x_wconf 78' lang='lat' dir='ltr'>spectant</span> <span class='ocrx_word' id='word_1_262' title='bbox 929 1625 960 1653; x_wconf 87' lang='lat' dir='ltr'>et</span> <span class='ocrx_word' id='word_1_263' title='bbox 989 1633 1060 1661; x_wconf 80' lang='lat' dir='ltr'>quae</span> <span class='ocrx_word' id='word_1_264' title='bbox 1088 1625 1145 1654; x_wconf 80' lang='lat' dir='ltr'>iam</span> <span class='ocrx_word' id='word_1_265' title='bbox 1166 1635 1183 1655; x_wconf 88' lang='lat' dir='ltr'>a</span> <span class='ocrx_word' id='word_1_266' title='bbox 1203 1626 1351 1657; x_wconf 84' lang='lat' dir='ltr'>Dietschio</span> <span class='ocrx_word' id='word_1_267' title='bbox 1376 1637 1428 1658; x_wconf 88' lang='lat' dir='ltr'>suo</span> 
     </span>
     <span class='ocr_line' id='line_1_32' title="bbox 193 1661 1427 1703; baseline 0.002 -13"><span class='ocrx_word' id='word_1_268' title='bbox 193 1662 256 1691; x_wconf 88' lang='lat' dir='ltr'>loco</span> <span class='ocrx_word' id='word_1_269' title='bbox 276 1670 385 1699; x_wconf 82' lang='lat' dir='ltr'>magna</span> <span class='ocrx_word' id='word_1_270' title='bbox 404 1670 438 1690; x_wconf 88' lang='lat' dir='ltr'>ex</span> <span class='ocrx_word' id='word_1_271' title='bbox 458 1663 540 1698; x_wconf 84' lang='lat' dir='ltr'>parte</span> <span class='ocrx_word' id='word_1_272' title='bbox 574 1662 712 1697; x_wconf 79' lang='lat' dir='ltr'>congesta</span> <span class='ocrx_word' id='word_1_273' title='bbox 740 1661 796 1689; x_wconf 87' lang='lat' dir='ltr'>nisi</span> <span class='ocrx_word' id='word_1_274' title='bbox 816 1661 905 1690; x_wconf 82' lang='lat' dir='ltr'>verba</span> <span class='ocrx_word' id='word_1_275' title='bbox 931 1671 988 1690; x_wconf 90' lang='lat' dir='ltr'>non</span> <span class='ocrx_word' id='word_1_276' title='bbox 1014 1662 1142 1698; x_wconf 77' lang='lat' dir='ltr'>laudant,</span> <span class='ocrx_word' id='word_1_277' title='bbox 1169 1673 1233 1693; x_wconf 85' lang='lat' dir='ltr'>cum</span> <span class='ocrx_word' id='word_1_278' title='bbox 1255 1665 1427 1703; x_wconf 83' lang='lat' dir='ltr'>specialibus</span> 
     </span>
     <span class='ocr_line' id='line_1_33' title="bbox 193 1698 1427 1739; baseline 0.003 -10"><span class='ocrx_word' id='word_1_279' title='bbox 193 1700 243 1736; x_wconf 85' lang='lat' dir='ltr'>(sit</span> <span class='ocrx_word' id='word_1_280' title='bbox 263 1700 347 1729; x_wconf 85' lang='lat' dir='ltr'>venia</span> <span class='ocrx_word' id='word_1_281' title='bbox 367 1698 454 1728; x_wconf 88' lang='lat' dir='ltr'>verbo</span> <span class='ocrx_word' id='word_1_282' title='bbox 464 1699 482 1735; x_wconf 73' lang='lat'>1)</span> <span class='ocrx_word' id='word_1_283' title='bbox 512 1698 696 1733; x_wconf 58' lang='lat' dir='ltr'>testimoniis</span> <span class='ocrx_word' id='word_1_284' title='bbox 730 1707 801 1735; x_wconf 83' lang='lat' dir='ltr'>quae</span> <span class='ocrx_word' id='word_1_285' title='bbox 830 1700 1012 1735; x_wconf 79' lang='lat' dir='ltr'>grammatici</span> <span class='ocrx_word' id='word_1_286' title='bbox 1039 1702 1107 1729; x_wconf 87' lang='lat' dir='ltr'>sunt</span> <span class='ocrx_word' id='word_1_287' title='bbox 1126 1704 1299 1739; x_wconf 83' lang='lat' dir='ltr'>argumenti,</span> <span class='ocrx_word' id='word_1_288' title='bbox 1318 1703 1365 1733; x_wconf 92' lang='lat' dir='ltr'>hic</span> <span class='ocrx_word' id='word_1_289' title='bbox 1384 1704 1427 1733; x_wconf 87' lang='lat' dir='ltr'>vi-</span> 
     </span>
     <span class='ocr_line' id='line_1_34' title="bbox 193 1736 587 1775; baseline -0.003 -9"><span class='ocrx_word' id='word_1_290' title='bbox 193 1738 299 1767; x_wconf 88' lang='lat' dir='ltr'>dentur</span> <span class='ocrx_word' id='word_1_291' title='bbox 318 1736 587 1775; x_wconf 63' lang='lat' dir='ltr'>praetermittenda.</span> 
     </span>
    </p>
   </div>
   <div class='ocr_carea' id='block_1_14' title="bbox 270 1784 1426 1967">
    <p class='ocr_par' dir='ltr' id='par_1_14' title="bbox 270 1784 1426 1967">
     <span class='ocr_line' id='line_1_35' title="bbox 270 1784 1426 1822; baseline 0.005 -9"><span class='ocrx_word' id='word_1_292' title='bbox 270 1784 292 1822; x_wconf 81' lang='lat'>³)</span> <span class='ocrx_word' id='word_1_293' title='bbox 313 1785 349 1814; x_wconf 85' lang='lat' dir='ltr'>cf.</span> <span class='ocrx_word' id='word_1_294' title='bbox 370 1786 487 1821; x_wconf 82' lang='lat' dir='ltr'>praeter</span> <span class='ocrx_word' id='word_1_295' title='bbox 507 1785 619 1812; x_wconf 87' lang='lat' dir='ltr'>ceteros</span> <span class='ocrx_word' id='word_1_296' title='bbox 639 1784 678 1812; x_wconf 91' lang='lat' dir='ltr'>M.</span> <span class='ocrx_word' id='word_1_297' title='bbox 694 1784 783 1813; x_wconf 88' lang='lat' dir='ltr'>Hertz</span> <span class='ocrx_word' id='word_1_298' title='bbox 805 1793 907 1814; x_wconf 87' lang='lat' dir='ltr'>comm.</span> <span class='ocrx_word' id='word_1_299' title='bbox 928 1785 964 1814; x_wconf 87' lang='lat' dir='ltr'>de</span> <span class='ocrx_word' id='word_1_300' title='bbox 985 1785 1131 1816; x_wconf 82' lang='lat' dir='ltr'>Ammiani</span> <span class='ocrx_word' id='word_1_301' title='bbox 1145 1788 1307 1818; x_wconf 83' lang='lat' dir='ltr'>Marcellini</span> <span class='ocrx_word' id='word_1_302' title='bbox 1323 1789 1426 1819; x_wconf 84' lang='lat' dir='ltr'>studiis</span> 
     </span>
     <span class='ocr_line' id='line_1_36' title="bbox 369 1821 1000 1866; baseline 0.002 -15"><span class='ocrx_word' id='word_1_303' title='bbox 369 1821 562 1866; x_wconf 75' lang='lat' dir='ltr'>Sallustianis.</span> <span class='ocrx_word' id='word_1_304' title='bbox 583 1821 646 1851; x_wconf 89' lang='lat' dir='ltr'>Ind.</span> <span class='ocrx_word' id='word_1_305' title='bbox 667 1822 896 1866; x_wconf 44' lang='lat' dir='ltr'>schol..Vratisl.</span> <span class='ocrx_word' id='word_1_306' title='bbox 919 1823 1000 1853; x_wconf 80' lang='lat'>1874.</span> 
     </span>
     <span class='ocr_line' id='line_1_37' title="bbox 368 1859 1424 1941; baseline 0.008 -16"><span class='ocrx_word' id='word_1_307' title='bbox 368 1861 403 1889; x_wconf 61' lang='lat' dir='ltr'>de</span> <span class='ocrx_word' id='word_1_308' title='bbox 425 1859 1238 1940; x_wconf 45' lang='lat' dir='ltr'>Tacffissffiefflffiifflfflds{ffissstli&#39;ssnss}lv&#39;virceburgi</span> <span class='ocrx_word' id='word_1_309' title='bbox 1251 1903 1324 1932; x_wconf 83' lang='lat'>1868</span> <span class='ocrx_word' id='word_1_310' title='bbox 1338 1913 1365 1941; x_wconf 85' lang='lat' dir='ltr'>p.</span> <span class='ocrx_word' id='word_1_311' title='bbox 1377 1904 1424 1934; x_wconf 86' lang='lat'>37.</span> 
     </span>
     <span class='ocr_line' id='line_1_38' title="bbox 476 1935 810 1967; baseline 0.006 -2"><span class='ocrx_word' id='word_1_312' title='bbox 476 1935 587 1966; x_wconf 86' lang='lat' dir='ltr'>Teuffel</span> <span class='ocrx_word' id='word_1_313' title='bbox 605 1936 675 1966; x_wconf 77' lang='lat' dir='ltr'>Sall.</span> <span class='ocrx_word' id='word_1_314' title='bbox 695 1946 722 1966; x_wconf 92' lang='lat' dir='ltr'>u.</span> <span class='ocrx_word' id='word_1_315' title='bbox 744 1937 810 1967; x_wconf 79' lang='lat' dir='ltr'>Tac.</span> 
     </span>
    </p>
   </div>
   <div class='ocr_carea' id='block_1_15' title="bbox 474 1970 1469 2017">
    <p class='ocr_par' dir='ltr' id='par_1_15' title="bbox 474 1970 1469 2017">
     <span class='ocr_line' id='line_1_39' title="bbox 474 1970 1469 2017; baseline 0.007 -13"><span class='ocrx_word' id='word_1_316' title='bbox 474 1975 606 2005; x_wconf 80' lang='lat' dir='ltr'>Lnureck</span> <span class='ocrx_word' id='word_1_317' title='bbox 633 1975 668 2004; x_wconf 82' lang='lat' dir='ltr'>de</span> <span class='ocrx_word' id='word_1_318' title='bbox 690 1975 759 2005; x_wconf 74' lang='lat' dir='ltr'>Sall.</span> <span class='ocrx_word' id='word_1_319' title='bbox 780 1976 908 2014; x_wconf 82' lang='lat' dir='ltr'>ingenio,</span> <span class='ocrx_word' id='word_1_320' title='bbox 935 1978 998 2007; x_wconf 84' lang='lat' dir='ltr'>arte</span> <span class='ocrx_word' id='word_1_321' title='bbox 1026 1979 1192 2017; x_wconf 88' lang='lat' dir='ltr'>rationeque</span> <span class='ocrx_word' id='word_1_322' title='bbox 1215 1979 1328 2010; x_wconf 87' lang='lat' dir='ltr'>dicendi</span> <span class='ocrx_word' id='word_1_323' title='bbox 1350 1980 1424 2010; x_wconf 80' lang='lat' dir='ltr'>Ahr-</span> <span class='ocrx_word' id='word_1_324' title='bbox 1464 1970 1469 1974; x_wconf 49' lang='grc'><strong>”</strong></span> 
     </span>
    </p>
   </div>
   <div class='ocr_carea' id='block_1_16' title="bbox 367 2014 1281 2133">
    <p class='ocr_par' dir='ltr' id='par_1_16' title="bbox 367 2014 1281 2133">
     <span class='ocr_line' id='line_1_40' title="bbox 588 2014 893 2051; baseline 0.007 -9"><span class='ocrx_word' id='word_1_325' title='bbox 588 2014 685 2042; x_wconf 88' lang='lat' dir='ltr'>weiler</span> <span class='ocrx_word' id='word_1_326' title='bbox 708 2014 781 2042; x_wconf 88' lang='grc'><strong>1873</strong></span> <span class='ocrx_word' id='word_1_327' title='bbox 798 2023 826 2051; x_wconf 93' lang='lat' dir='ltr'>p.</span> <span class='ocrx_word' id='word_1_328' title='bbox 847 2015 893 2044; x_wconf 84' lang='lat'>31.</span> 
     </span>
     <span class='ocr_line' id='line_1_41' title="bbox 368 2052 1208 2093; baseline 0.004 -11"><span class='ocrx_word' id='word_1_329' title='bbox 368 2052 403 2082; x_wconf 84' lang='lat' dir='ltr'>de</span> <span class='ocrx_word' id='word_1_330' title='bbox 425 2052 524 2082; x_wconf 79' lang='lat' dir='ltr'>Curtio</span> <span class='ocrx_word' id='word_1_331' title='bbox 545 2052 619 2080; x_wconf 83' lang='lat' dir='ltr'>Rufo</span> <span class='ocrx_word' id='word_1_332' title='bbox 642 2052 831 2081; x_wconf 87' lang='lat' dir='ltr'>Wiedemann</span> <span class='ocrx_word' id='word_1_333' title='bbox 853 2053 957 2083; x_wconf 88' lang='lat' dir='ltr'>Philol.</span> <span class='ocrx_word' id='word_1_334' title='bbox 976 2054 1073 2084; x_wconf 88' lang='lat' dir='ltr'>XXXI</span> <span class='ocrx_word' id='word_1_335' title='bbox 1093 2064 1120 2093; x_wconf 91' lang='lat' dir='ltr'>p.</span> <span class='ocrx_word' id='word_1_336' title='bbox 1142 2056 1208 2086; x_wconf 87' lang='lat'>756.</span> 
     </span>
     <span class='ocr_line' id='line_1_42' title="bbox 367 2090 1281 2133; baseline 0.005 -12"><span class='ocrx_word' id='word_1_337' title='bbox 367 2091 402 2122; x_wconf 86' lang='lat' dir='ltr'>de</span> <span class='ocrx_word' id='word_1_338' title='bbox 423 2092 508 2122; x_wconf 84' lang='lat' dir='ltr'>Floro</span> <span class='ocrx_word' id='word_1_339' title='bbox 529 2092 613 2129; x_wconf 88' lang='lat' dir='ltr'>Heyn</span> <span class='ocrx_word' id='word_1_340' title='bbox 634 2090 669 2120; x_wconf 85' lang='lat' dir='ltr'>de</span> <span class='ocrx_word' id='word_1_341' title='bbox 690 2090 776 2121; x_wconf 85' lang='lat' dir='ltr'>Floro</span> <span class='ocrx_word' id='word_1_342' title='bbox 796 2091 933 2122; x_wconf 86' lang='lat' dir='ltr'>historico</span> <span class='ocrx_word' id='word_1_343' title='bbox 953 2092 1070 2124; x_wconf 83' lang='lat' dir='ltr'>Bonuae</span> <span class='ocrx_word' id='word_1_344' title='bbox 1094 2094 1166 2124; x_wconf 88' lang='grc'><strong>1866</strong></span> <span class='ocrx_word' id='word_1_345' title='bbox 1187 2105 1214 2133; x_wconf 78' lang='grc' dir='ltr'>ρ.</span> <span class='ocrx_word' id='word_1_346' title='bbox 1234 2095 1281 2127; x_wconf 88' lang='grc'>49.</span> 
     </span>
    </p>
   </div>
   <div class='ocr_carea' id='block_1_17' title="bbox 366 2134 1423 2223">
    <p class='ocr_par' dir='ltr' id='par_1_17' title="bbox 366 2134 1423 2223">
     <span class='ocr_line' id='line_1_43' title="bbox 366 2134 1423 2184; baseline 0.004 -15"><span class='ocrx_word' id='word_1_347' title='bbox 366 2140 402 2169; x_wconf 87' lang='lat' dir='ltr'>de</span> <span class='ocrx_word' id='word_1_348' title='bbox 418 2140 585 2177; x_wconf 84' lang='lat' dir='ltr'>Hegesippo</span> <span class='ocrx_word' id='word_1_349' title='bbox 600 2139 647 2167; x_wconf 77' lang='lat' dir='ltr'>Fr.</span> <span class='ocrx_word' id='word_1_350' title='bbox 655 2139 748 2175; x_wconf 87' lang='lat' dir='ltr'>Vogel</span> <span class='ocrx_word' id='word_1_351' title='bbox 764 2134 994 2184; x_wconf 77' lang='grc' dir='ltr'><em>ὁμοιότητες</em></span> <span class='ocrx_word' id='word_1_352' title='bbox 1009 2142 1203 2171; x_wconf 79' lang='lat' dir='ltr'>Sallustianae</span> <span class='ocrx_word' id='word_1_353' title='bbox 1214 2143 1244 2171; x_wconf 91' lang='lat' dir='ltr'>in</span> <span class='ocrx_word' id='word_1_354' title='bbox 1255 2144 1311 2172; x_wconf 79' lang='lat' dir='ltr'>act.</span> <span class='ocrx_word' id='word_1_355' title='bbox 1323 2144 1423 2174; x_wconf 86' lang='lat' dir='ltr'>semin.</span> 
     </span>
     <span class='ocr_line' id='line_1_44' title="bbox 479 2184 1223 2223; baseline 0.005 -10"><span class='ocrx_word' id='word_1_356' title='bbox 479 2185 578 2223; x_wconf 87' lang='lat' dir='ltr'>philol.</span> <span class='ocrx_word' id='word_1_357' title='bbox 599 2184 719 2220; x_wconf 79' lang='lat' dir='ltr'>Erlang.</span> <span class='ocrx_word' id='word_1_358' title='bbox 742 2184 815 2213; x_wconf 83' lang='lat'>1878</span> <span class='ocrx_word' id='word_1_359' title='bbox 835 2185 850 2213; x_wconf 93' lang='grc' dir='ltr'>Ι</span> <span class='ocrx_word' id='word_1_360' title='bbox 869 2193 898 2222; x_wconf 88' lang='lat' dir='ltr'>p.</span> <span class='ocrx_word' id='word_1_361' title='bbox 918 2185 975 2213; x_wconf 82' lang='lat'>348</span> <span class='ocrx_word' id='word_1_362' title='bbox 995 2189 1026 2216; x_wconf 87' lang='lat' dir='ltr'>et</span> <span class='ocrx_word' id='word_1_363' title='bbox 1045 2187 1117 2217; x_wconf 85' lang='lat' dir='ltr'>diss.</span> <span class='ocrx_word' id='word_1_364' title='bbox 1140 2188 1223 2217; x_wconf 89' lang='lat'>1880.</span> 
     </span>
    </p>
   </div>
   <div class='ocr_carea' id='block_1_18' title="bbox 364 2222 1423 2342">
    <p class='ocr_par' dir='ltr' id='par_1_18' title="bbox 364 2222 1423 2342">
     <span class='ocr_line' id='line_1_45' title="bbox 364 2222 1423 2266; baseline 0.003 -11"><span class='ocrx_word' id='word_1_365' title='bbox 364 2224 400 2255; x_wconf 84' lang='lat' dir='ltr'>de</span> <span class='ocrx_word' id='word_1_366' title='bbox 414 2224 447 2254; x_wconf 90' lang='lat' dir='ltr'>L.</span> <span class='ocrx_word' id='word_1_367' title='bbox 463 2223 603 2262; x_wconf 82' lang='lat' dir='ltr'>Septimio</span> <span class='ocrx_word' id='word_1_368' title='bbox 617 2224 648 2252; x_wconf 86' lang='lat' dir='ltr'>et</span> <span class='ocrx_word' id='word_1_369' title='bbox 661 2222 740 2260; x_wconf 83' lang='lat' dir='ltr'>Sulp.</span> <span class='ocrx_word' id='word_1_370' title='bbox 754 2222 859 2253; x_wconf 84' lang='lat' dir='ltr'>Severo</span> <span class='ocrx_word' id='word_1_371' title='bbox 870 2222 967 2261; x_wconf 84' lang='lat' dir='ltr'>Pratje</span> <span class='ocrx_word' id='word_1_372' title='bbox 987 2226 1168 2264; x_wconf 85' lang='lat' dir='ltr'>quaestiones</span> <span class='ocrx_word' id='word_1_373' title='bbox 1180 2226 1252 2258; x_wconf 88' lang='lat' dir='ltr'>Sall.</span> <span class='ocrx_word' id='word_1_374' title='bbox 1264 2225 1423 2266; x_wconf 81' lang='lat' dir='ltr'>Gottingae</span> 
     </span>
     <span class='ocr_line' id='line_1_46' title="bbox 367 2263 1254 2342; baseline 0.002 -10"><span class='ocrx_word' id='word_1_375' title='bbox 367 2302 403 2332; x_wconf 78' lang='lat' dir='ltr'>de</span> <span class='ocrx_word' id='word_1_376' title='bbox 423 2263 588 2340; x_wconf 56' lang='grc' dir='ltr'>Αυὲιῗὲιῗὶιο</span> <span class='ocrx_word' id='word_1_377' title='bbox 609 2299 686 2329; x_wconf 73' lang='lat' dir='ltr'>Roth</span> <span class='ocrx_word' id='word_1_378' title='bbox 707 2300 745 2330; x_wconf 83' lang='lat' dir='ltr'>N.</span> <span class='ocrx_word' id='word_1_379' title='bbox 766 2300 869 2330; x_wconf 76' lang='lat' dir='ltr'>Rhein.</span> <span class='ocrx_word' id='word_1_380' title='bbox 889 2300 962 2333; x_wconf 83' lang='lat' dir='ltr'>Mus.</span> <span class='ocrx_word' id='word_1_381' title='bbox 982 2303 1025 2333; x_wconf 85' lang='lat' dir='ltr'>1x</span> <span class='ocrx_word' id='word_1_382' title='bbox 1044 2312 1071 2342; x_wconf 86' lang='lat' dir='ltr'>p.</span> <span class='ocrx_word' id='word_1_383' title='bbox 1093 2303 1149 2334; x_wconf 86' lang='lat'>630</span> <span class='ocrx_word' id='word_1_384' title='bbox 1166 2305 1197 2334; x_wconf 73' lang='lat' dir='ltr'>et</span> <span class='ocrx_word' id='word_1_385' title='bbox 1216 2304 1254 2335; x_wconf 76' lang='lat' dir='ltr'>al.</span> 
     </span>
    </p>
   </div>
   <div class='ocr_carea' id='block_1_19' title="bbox 1573 1248 1604 2103">
    <p class='ocr_par' dir='ltr' id='par_1_19' title="bbox 1573 1248 1604 2103">
     <span class='ocr_line' id='line_1_47' title="bbox 1573 1248 1604 2103; textangle 90"><span class='ocrx_word' id='word_1_386' title='bbox 1573 2071 1604 2103; x_wconf 50' lang='grc' dir='ltr'>ἐξ,</span> <span class='ocrx_word' id='word_1_387' title='bbox 1586 2046 1604 2061; x_wconf 71' lang='lat' dir='ltr'><em>v</em></span> <span class='ocrx_word' id='word_1_388' title='bbox 1594 2029 1604 2034; x_wconf 52' lang='grc' dir='ltr'>ι,</span> <span class='ocrx_word' id='word_1_389' title='bbox 1592 2011 1604 2023; x_wconf 51' lang='grc' dir='ltr'>ιι</span> <span class='ocrx_word' id='word_1_390' title='bbox 1587 1930 1604 2001; x_wconf 57' lang='lat' dir='ltr'>mm...</span> <span class='ocrx_word' id='word_1_391' title='bbox 1577 1720 1604 1918; x_wconf 49' lang='lat' dir='ltr'>52³³·aea2:.r‹ze..&#39;v.le:.</span> <span class='ocrx_word' id='word_1_392' title='bbox 1574 1507 1604 1714; x_wconf 50' lang='grc' dir='ltr'><strong>.ἐ5.·.;,.ι“.;.“.επ1··1ἶῐ;’ήιὶ</strong></span> <span class='ocrx_word' id='word_1_393' title='bbox 1575 1450 1604 1502; x_wconf 39' lang='lat' dir='ltr'>agos</span> <span class='ocrx_word' id='word_1_394' title='bbox 1581 1430 1604 1441; x_wconf 42' lang='grc' dir='ltr'>ᾖ..</span> <span class='ocrx_word' id='word_1_395' title='bbox 1593 1418 1604 1424; x_wconf 73' lang='grc'>,-,</span> <span class='ocrx_word' id='word_1_396' title='bbox 1596 1326 1604 1334; x_wconf 26' lang='grc' dir='ltr'>Δ.</span> <span class='ocrx_word' id='word_1_397' title='bbox 1579 1295 1604 1317; x_wconf 59' lang='lat'>³413</span> <span class='ocrx_word' id='word_1_398' title='bbox 1595 1284 1604 1287; x_wconf 64' lang='lat'><em>2</em></span> <span class='ocrx_word' id='word_1_399' title='bbox 1595 1272 1604 1276; x_wconf 82' lang='lat'>.</span> <span class='ocrx_word' id='word_1_400' title='bbox 1599 1248 1604 1263; x_wconf 90' lang='lat'>..</span> 
     </span>
    </p>
   </div>
   <div class='ocr_carea' id='block_1_20' title="bbox 1550 1818 1604 2528">
    <p class='ocr_par' dir='ltr' id='par_1_20' title="bbox 1550 1817 1604 2528">
     <span class='ocr_line' id='line_1_48' title="bbox 1550 1862 1577 2528; textangle 90"><span class='ocrx_word' id='word_1_401' title='bbox 1550 2380 1575 2528; x_wconf 59' lang='lat'>=2,‘·-&#39;.‘⁴1*‘‹&#39;·=&#39;²‘</span> <span class='ocrx_word' id='word_1_402' title='bbox 1567 2365 1570 2367; x_wconf 43' lang='grc' dir='ltr'><strong>ν</strong></span> <span class='ocrx_word' id='word_1_403' title='bbox 1554 2277 1576 2303; x_wconf 55' lang='grc'>’5.</span> <span class='ocrx_word' id='word_1_404' title='bbox 1563 2259 1566 2262; x_wconf 92' lang='grc'><em>·</em></span> <span class='ocrx_word' id='word_1_405' title='bbox 1560 2240 1568 2243; x_wconf 69' lang='lat'>⁸</span> <span class='ocrx_word' id='word_1_406' title='bbox 1551 2195 1577 2225; x_wconf 49' lang='grc' dir='ltr'>ἒξ</span> <span class='ocrx_word' id='word_1_407' title='bbox 1557 2136 1575 2161; x_wconf 51' lang='lat'>:⁴⁴2-</span> <span class='ocrx_word' id='word_1_408' title='bbox 1554 2084 1576 2120; x_wconf 51' lang='grc' dir='ltr'>«ΗΓ</span> <span class='ocrx_word' id='word_1_409' title='bbox 1567 1862 1577 1876; x_wconf 88' lang='grc'>-,</span> 
     </span>
     <span class='ocr_line' id='line_1_49' title="bbox 1561 1818 1604 2528; textangle 90"><span class='ocrx_word' id='word_1_410' title='bbox 1567 2381 1604 2528; x_wconf 49' lang='lat' dir='ltr'>sarm*</span> <span class='ocrx_word' id='word_1_411' title='bbox 1561 2395 1583 2406; x_wconf 82' lang='lat'>··‘</span> <span class='ocrx_word' id='word_1_412' title='bbox 1566 2100 1604 2383; x_wconf 38' lang='lat' dir='ltr'>*semiassi</span> <span class='ocrx_word' id='word_1_413' title='bbox 1591 1919 1604 1932; x_wconf 49' lang='lat'><em>2</em></span> <span class='ocrx_word' id='word_1_414' title='bbox 1573 1853 1604 1881; x_wconf 62' lang='grc' dir='ltr'>ζ’</span> <span class='ocrx_word' id='word_1_415' title='bbox 1580 1818 1585 1835; x_wconf 90' lang='grc'>··</span> 
     </span>
    </p>
   </div>
   <div class='ocr_carea' id='block_1_21' title="bbox 1456 0 1604 1224">
    <p class='ocr_par' dir='ltr' id='par_1_21' title="bbox 1456 0 1604 1224">
     <span class='ocr_line' id='line_1_50' title="bbox 1456 0 1604 1224; baseline 0 0"><span class='ocrx_word' id='word_1_416' title='bbox 1456 0 1604 1224; x_wconf 95' lang='lat' dir='ltr'> </span> 
     </span>
    </p>
   </div>
  </div>
 </body>
</html>
