1604 2528
778 20 824 54 74

180 131 254 169 Cat.
275 132 323 175 11,
343 133 371 167 3.

178 183 210 218 h:
224 183 252 265 i}
272 183 324 216 10:
357 181 609 218 dominationem
630 184 774 220 adfecta·

247 236 315 265 ant.

834 184 1003 228 imperium
1024 183 1202 226 adfectare.

179 280 208 315 1.
230 281 279 322 29,
294 282 327 314 3:
347 282 428 315 belli
448 291 571 316 moram
591 284 776 317 redimebat
835 285 867 317 ὃς
893 283 980 316 bello
1005 283 1131 322 redimi:
1164 283 1292 318 hostem
1315 260 1431 326 pretio

218 348 254 354 -
260 331 368 372 pretio
380 335 439 364 aut
449 332 562 372 gratia
574 332 775 367 effecturum.

180 379 211 414 h.
233 380 273 414 ΙΙ
294 381 342 421 96,
362 381 396 415 4:
416 381 529 415 hostes
551 382 707 416 submovi.

180 477 216 513 G.
237 478 286 519 54,
307 479 339 512 1:
366 479 414 512 eis
434 489 548 520 genus,
575 481 679 518 aetas,
709 481 773 514 elo-

220 529 354 569 quentia
373 539 475 569 prope
497 530 649 570 aequalia
668 530 773 570 fuere,

217 578 410 617 magnitudo
446 579 545 610 animi
580 588 651 619 par,
694 579 771 612 item

219 626 336 666 gloria.

180 673 209 707 1.
231 675 280 715 31,
300 674 353 707 2οε
374 676 490 708 invicti
510 677 551 708 ab
572 676 731 710 hostibus.

179 723 208 757 1.
230 724 278 764 11,
298 724 326 756 4.
348 724 396 764 94,
416 726 452 757 3:
474 726 529 758 diu
549 725 693 766 fatigati.

178 772 207 806 Ι.
228 773 276 811 71,
297 773 330 806 4:
352 774 395 806 ad
414 784 526 814 regem
546 776 667 816 pergit.

178 821 206 856 1.
227 822 275 861 44,
287 822 320 855 5:
335 832 435 862 agros
449 826 594 864 vastare,
605 825 703 858 villas
718 834 771 859 ex-

217 880 377 913 pugnare.

179 967 216 1002 0.
237 968 285 1006 57,
306 969 339 1001 5:
372 968 536 1002 fortunam
562 970 642 1003 beili
669 973 770 1012 temp-

178 1020 319 1101 I.t3601:
341 1076 411 1100 cum
432 1077 553 1109 magna
573 1078 661 1102 cura.

179 1163 216 1199 O.
239 1165 286 1206 10,
306 1165 335 1198 3.
366 1165 394 1198 Ι.
416 1166 463 1206 19,
486 1166 512 1198 1.
543 1167 574 1199 h.
595 1166 648 1201 IV
669 1167 719 1208 61,
740 1167 773 1200 5:

217 1216 333 1256 cupido
355 1216 471 1257 inperi.

179 1263 207 1297 1.
218 1264 266 1304 82,
278 1265 310 1297 3:
321 1268 421 1305 parta
427 1265 567 1298 victoria
578 1266 771 1307 eriperetur.

182 1362 210 1395 I.
233 1363 300 1402 105,
312 1363 344 1394 1:
366 1363 493 1403 Quibus
508 1364 607 1396 rebus
623 1365 773 1404 cognitis.

179 1411 207 1444 1.
230 1411 279 1449 20,
304 1412 338 1443 8:
370 1421 434 1451 qua
463 1413 638 1452 pergebat,
676 1422 775 1453 agros

219 1463 363 1492 vastare.

181 1508 217 1542 G.
240 1509 288 1549 31,
311 1509 342 1541 1:
369 1509 531 1542 inmutata
557 1510 648 1542 urbis
674 1510 775 1543 facies

220 1562 304 1598 erat,
338 1568 379 1590 ex
412 1567 537 1591 summa
571 1559 702 1592 laetitia
736 1577 775 1582 —

218 1607 360 1640 tristitia
379 1607 511 1639 invasit.

181 1704 218 1738 C.
240 1705 288 1745 34,
312 1705 342 1738 1:
365 1706 406 1737 ab
428 1706 527 1738 armis
550 1706 727 1738 discedant.

179 1802 216 1836 O.
247 1803 300 1843 51,
331 1803 386 1836 43:
426 1804 481 1844 qui
514 1804 614 1836 aliter
647 1804 773 1844 fecerit,

218 1862 289 1884 eum
337 1856 453 1884 contra
496 1862 566 1885 rem
610 1854 774 1893 publicam

217 1901 389 1933 facturum.

178 1950 205 1983 I.
227 1951 275 1990 31,
296 1951 329 1982 8:
356 1951 445 1991 plebi
467 1960 528 1983 sua
547 1951 734 1983 restituere.

178 2000 209 2032 h.
229 2000 249 2032 I
270 2000 302 2032 9:
324 2010 396 2032 cum
416 2000 563 2032 adsiduis
583 2000 689 2032 bellis.

178 2049 209 2081 h.
230 2049 250 2081 Ι
270 2050 319 2089 41,
340 2050 392 2081 14:
414 2049 504 2081 fessa
524 2049 630 2081 bellis.

178 2098 206 2131 Ι.
226 2098 275 2137 47,
298 2099 324 2130 1.
346 2098 394 2138 66,
416 2098 443 2130 2.
466 2098 533 2138 103,
557 2098 581 2130 1.

178 2246 206 2278 I.
228 2246 295 2285 107,
316 2246 349 2279 2;
371 2246 506 2279 hostilia
526 2246 660 2278 faceret.

875 333 1029 368 submovi.

834 441 905 472 cap.
926 431 954 464 2.
1019 438 1022 440 ’

833 481 866 514 7:
887 490 950 521 par
980 481 1094 514 ducum
1115 498 1154 504 —
1175 483 1278 521 aetas,
1308 462 1431 522 virtus,
1464 471 1473 485 ²
1490 459 1516 509 ζ’,
1536 527 1541 530 Ι

874 530 1056 570 consilium,
1097 531 1261 570 sapientia
1294 530 1425 571 utrique
1475 562 1479 563 ⁷
1504 525 1570 573 '2⁴23

871 588 974 619 prope
1000 588 1078 618 una;
1105 579 1213 619 gloria
1239 579 1360 628 eadem.

831 676 988 710 invictum
1008 677 1049 708 ab
1070 676 1185 709 altero.

833 725 883 758 12:
892 726 947 758 diu
953 734 1033 766 rege
1040 735 1100 766 per
1105 725 1266 767 epistulas
1272 724 1424 766 fatigato.

834 775 877 806 ad
896 784 1008 815 regem
1028 775 1150 814 pergit.

833 823 882 856 16:
896 833 994 866 agros
1004 826 1127 863 vastat,
1138 824 1236 857 urbes
1248 824 1424 865 expugnat.
1487 861 1490 864 Α

831 922 1050 1003 ξῗρὲοῗὲιιιιειω
1070 970 1150 1003 belli
1171 971 1401 1011 temptaturus.

831 1068 865 1102 2:
885 1078 1006 1109 magna
1027 1077 1114 1102 cura.

836 1127 905 1158 cap.
926 1118 954 1151 4.

832 1166 867 1199 4:
890 1175 964 1209 spes
985 1166 1121 1208 imperii.

834 1266 885 1298 13:
907 1265 1077 1298 victoriam
1098 1265 1227 1307 eripuit.

835 1324 905 1355 cap.
926 1314 954 1347 5.

837 1365 867 1396 1:
889 1363 1016 1404 Quibus
1036 1364 1135 1396 rebus
1156 1363 1305 1403 cognitis.

835 1413 867 1445 8:
875 1412 1017 1445 vastatis
1028 1412 1139 1452 terris,
1146 1412 1257 1452 pergit
1262 1411 1423 1444 Athenas.

834 1510 908 1551 plus
930 1510 1089 1542 tristitiae
1110 1519 1150 1541 ex
1170 1510 1304 1542 incensa
1324 1512 1359 1542 et
1378 1508 1424 1542 di-

874 1562 952 1591 ruta
971 1559 1082 1599 patria
1103 1568 1196 1598 quam
1213 1558 1362 1590 laetitiae
1383 1567 1424 1591 ex
1454 1577 1458 1579 -

874 1610 1079 1647 recuperata.

834 1666 904 1697 cap.
924 1656 952 1688 6.

835 1706 866 1737 1:
886 1705 978 1737 iubet
999 1714 1108 1737 omnes
1130 1706 1170 1737 ab
1198 1705 1296 1737 armis
1323 1704 1424 1737 disce-

873 1754 960 1786 dere.

835 1804 890 1844 qui
915 1804 1013 1836 aliter
1038 1803 1180 1843 fecisset,
1211 1812 1283 1835 eum
1309 1813 1344 1835 se
1364 1811 1424 1843 pro

872 1853 967 1884 hoste
988 1853 1184 1884 habiturum.

835 1951 1026 1984 civitatibus
1054 1960 1115 1982 sua
1139 1950 1246 1982 omnia
1266 1950 1424 1982 restituit.

834 2000 867 2032 2:
890 2000 1035 2032 adsiduis
1055 2000 1214 2031 bellorum
1235 1999 1325 2033 odiis.

833 2050 868 2081 4:
888 2049 969 2081 fessi
988 2052 1040 2081 tot
1058 2049 1164 2081 bellis.

833 2099 868 2130 6:
888 2098 1087 2139 praesidium
1106 2097 1277 2138 inponunt.

834 2197 1058 2285 ῗῗρᾷιιέἑιᾳιιαω
1078 2245 1198 2277 hostile
1217 2244 1425 2277 facientibus.

182 2295 218 2329 O.
233 2296 282 2337 53,
297 2295 330 2330 6:
352 2295 451 2330 effeta
466 2297 578 2329 aetate
591 2297 773 2336 parentum.
833 2295 866 2328 4:
888 2294 1006 2327 effetae
1027 2293 1148 2327 aetatis
1169 2293 1243 2325 viri.
