<?xml version="1.0" encoding="UTF-8"?>
<!DOCTYPE html PUBLIC "-//W3C//DTD XHTML 1.0 Transitional//EN"
    "http://www.w3.org/TR/xhtml1/DTD/xhtml1-transitional.dtd">
<html xmlns="http://www.w3.org/1999/xhtml" xml:lang="en" lang="en">
 <head>
  <title>
</title>
<meta http-equiv="Content-Type" content="text/html;charset=utf-8" />
  <meta name='ocr-system' content='tesseract 3.04.00' />
  <meta name='ocr-capabilities' content='ocr_page ocr_carea ocr_par ocr_line ocrx_word'/>
</head>
<body>
  <div class='ocr_page' id='page_1' title='image "4737409_0066.png"; bbox 0 0 1604 2528; ppageno 0'>
   <div class='ocr_carea' id='block_1_1' title="bbox 0 0 268 883">
    <p class='ocr_par' dir='ltr' id='par_1_1' title="bbox 0 0 268 883">
     <span class='ocr_line' id='line_1_1' title="bbox 0 0 268 883; baseline 0 -595"><span class='ocrx_word' id='word_1_1' title='bbox 0 0 268 883; x_wconf 95' lang='lat' dir='ltr'><strong>   </strong></span> 
     </span>
    </p>
   </div>
   <div class='ocr_carea' id='block_1_2' title="bbox 0 898 72 1268">
    <p class='ocr_par' dir='ltr' id='par_1_2' title="bbox 0 898 72 1268">
     <span class='ocr_line' id='line_1_2' title="bbox 0 898 72 1268; baseline 0 1260"><span class='ocrx_word' id='word_1_2' title='bbox 0 898 72 1268; x_wconf 95' lang='lat' dir='ltr'><strong> </strong></span> 
     </span>
    </p>
   </div>
   <div class='ocr_carea' id='block_1_3' title="bbox 0 1177 39 1583">
    <p class='ocr_par' dir='ltr' id='par_1_3' title="bbox 0 1177 39 1583">
     <span class='ocr_line' id='line_1_3' title="bbox 0 1177 28 1583; textangle 90"><span class='ocrx_word' id='word_1_3' title='bbox 0 1269 28 1583; x_wconf 46' lang='grc' dir='ltr'>-’τ’··»··-·ε·“ῑ”ι’-’νι“ῑ.”ι”ῖ“ῖψ,</span> <span class='ocrx_word' id='word_1_4' title='bbox 20 1232 27 1249; x_wconf 74' lang='grc'><strong>.,</strong></span> <span class='ocrx_word' id='word_1_5' title='bbox 14 1199 19 1215; x_wconf 77' lang='grc'><strong>-.</strong></span> <span class='ocrx_word' id='word_1_6' title='bbox 14 1177 17 1180; x_wconf 78' lang='lat'><em>,</em></span> 
     </span>
     <span class='ocr_line' id='line_1_4' title="bbox 26 1181 39 1579; textangle 90"><span class='ocrx_word' id='word_1_7' title='bbox 35 1578 38 1579; x_wconf 38' lang='lat'>¹</span> <span class='ocrx_word' id='word_1_8' title='bbox 36 1530 38 1533; x_wconf 64' lang='grc'>,</span> <span class='ocrx_word' id='word_1_9' title='bbox 31 1423 33 1425; x_wconf 83' lang='lat'>·</span> <span class='ocrx_word' id='word_1_10' title='bbox 27 1256 38 1267; x_wconf 40' lang='grc' dir='ltr'>(ι</span> <span class='ocrx_word' id='word_1_11' title='bbox 27 1241 31 1246; x_wconf 51' lang='lat'>⁸</span> <span class='ocrx_word' id='word_1_12' title='bbox 33 1225 37 1227; x_wconf 86' lang='lat'>·</span> <span class='ocrx_word' id='word_1_13' title='bbox 28 1208 30 1211; x_wconf 89' lang='lat'>&#39;</span> <span class='ocrx_word' id='word_1_14' title='bbox 26 1181 39 1187; x_wconf 59' lang='grc' dir='ltr'><strong>ι1</strong></span> 
     </span>
    </p>
   </div>
   <div class='ocr_carea' id='block_1_4' title="bbox 0 1573 46 2528">
    <p class='ocr_par' dir='ltr' id='par_1_4' title="bbox 0 1573 46 2528">
     <span class='ocr_line' id='line_1_5' title="bbox 0 1573 46 2528; baseline 0 0"><span class='ocrx_word' id='word_1_15' title='bbox 0 1573 46 2528; x_wconf 95' lang='lat' dir='ltr'><strong> </strong></span> 
     </span>
    </p>
   </div>
   <div class='ocr_carea' id='block_1_5' title="bbox 781 112 825 144">
    <p class='ocr_par' dir='ltr' id='par_1_5' title="bbox 781 112 825 144">
     <span class='ocr_line' id='line_1_6' title="bbox 781 112 825 144; baseline 0 0"><span class='ocrx_word' id='word_1_16' title='bbox 781 112 825 144; x_wconf 81' lang='grc'><strong>57</strong></span> 
     </span>
    </p>
   </div>
   <div class='ocr_carea' id='block_1_6' title="bbox 686 157 920 163">
    <p class='ocr_par' dir='ltr' id='par_1_6' title="bbox 686 157 920 163">
     <span class='ocr_line' id='line_1_7' title="bbox 686 157 920 163; baseline 0 0"><span class='ocrx_word' id='word_1_17' title='bbox 686 157 920 163; x_wconf 95' lang='lat' dir='ltr'><strong> </strong></span> 
     </span>
    </p>
   </div>
   <div class='ocr_carea' id='block_1_7' title="bbox 187 221 1424 656">
    <p class='ocr_par' dir='ltr' id='par_1_7' title="bbox 187 221 1424 656">
     <span class='ocr_line' id='line_1_8' title="bbox 187 221 1420 266; baseline 0 -11"><span class='ocrx_word' id='word_1_18' title='bbox 187 221 330 262; x_wconf 53' lang='lat' dir='ltr'><strong>nemus)</strong></span> <span class='ocrx_word' id='word_1_19' title='bbox 352 223 372 255; x_wconf 93' lang='lat'><strong>1.</strong></span> <span class='ocrx_word' id='word_1_20' title='bbox 394 223 479 258; x_wconf 88' lang='lat' dir='ltr'><strong>XVI</strong></span> <span class='ocrx_word' id='word_1_21' title='bbox 493 224 533 257; x_wconf 79' lang='lat'><strong>58</strong></span> <span class='ocrx_word' id='word_1_22' title='bbox 554 227 588 256; x_wconf 90' lang='lat' dir='ltr'><strong>et</strong></span> <span class='ocrx_word' id='word_1_23' title='bbox 606 223 777 266; x_wconf 55' lang='lat' dir='ltr'><strong>Appianss)</strong></span> <span class='ocrx_word' id='word_1_24' title='bbox 804 225 951 257; x_wconf 71' lang='lat' dir='ltr'><strong>Mithrid„</strong></span> <span class='ocrx_word' id='word_1_25' title='bbox 972 234 999 256; x_wconf 90' lang='lat' dir='ltr'><strong>c.</strong></span> <span class='ocrx_word' id='word_1_26' title='bbox 1020 224 1067 262; x_wconf 84' lang='lat'><strong>87,</strong></span> <span class='ocrx_word' id='word_1_27' title='bbox 1090 233 1224 264; x_wconf 87' lang='lat' dir='ltr'><strong>quorum</strong></span> <span class='ocrx_word' id='word_1_28' title='bbox 1245 224 1332 256; x_wconf 80' lang='lat' dir='ltr'><strong>alter</strong></span> <span class='ocrx_word' id='word_1_29' title='bbox 1353 223 1420 263; x_wconf 85' lang='lat' dir='ltr'><strong>qui-</strong></span> 
     </span>
     <span class='ocr_line' id='line_1_9' title="bbox 189 270 1416 312; baseline 0 -9"><span class='ocrx_word' id='word_1_30' title='bbox 189 270 261 303; x_wconf 88' lang='lat' dir='ltr'><strong>dem</strong></span> <span class='ocrx_word' id='word_1_31' title='bbox 281 281 396 305; x_wconf 89' lang='lat' dir='ltr'><strong>nomen</strong></span> <span class='ocrx_word' id='word_1_32' title='bbox 412 273 542 312; x_wconf 79' lang='lat' dir='ltr'><strong>omittit,</strong></span> <span class='ocrx_word' id='word_1_33' title='bbox 564 273 650 305; x_wconf 82' lang='lat' dir='ltr'><strong>alter</strong></span> <span class='ocrx_word' id='word_1_34' title='bbox 663 282 776 312; x_wconf 84' lang='lat' dir='ltr'><strong>regem</strong></span> <span class='ocrx_word' id='word_1_35' title='bbox 788 273 934 305; x_wconf 82' lang='lat' dir='ltr'><strong>nominat</strong></span> <span class='ocrx_word' id='word_1_36' title='bbox 947 272 1125 312; x_wconf 77' lang='lat' dir='ltr'>Phraaten,</span> <span class='ocrx_word' id='word_1_37' title='bbox 1146 272 1180 304; x_wconf 89' lang='lat' dir='ltr'><strong>id</strong></span> <span class='ocrx_word' id='word_1_38' title='bbox 1194 274 1280 312; x_wconf 86' lang='lat' dir='ltr'><strong>quod</strong></span> <span class='ocrx_word' id='word_1_39' title='bbox 1294 281 1416 304; x_wconf 88' lang='lat' dir='ltr'><strong>omnem</strong></span> 
     </span>
     <span class='ocr_line' id='line_1_10' title="bbox 188 320 1420 362; baseline 0.001 -11"><span class='ocrx_word' id='word_1_40' title='bbox 188 320 285 352; x_wconf 88' lang='lat' dir='ltr'><strong>tollet</strong></span> <span class='ocrx_word' id='word_1_41' title='bbox 305 322 548 360; x_wconf 75' lang='lat' dir='ltr'><strong>dubitationem,</strong></span> <span class='ocrx_word' id='word_1_42' title='bbox 570 323 721 362; x_wconf 89' lang='lat' dir='ltr'><strong>quoniam</strong></span> <span class='ocrx_word' id='word_1_43' title='bbox 741 332 852 354; x_wconf 89' lang='lat' dir='ltr'><strong>eorum</strong></span> <span class='ocrx_word' id='word_1_44' title='bbox 873 322 1055 354; x_wconf 86' lang='lat' dir='ltr'><strong>auctoritas</strong></span> <span class='ocrx_word' id='word_1_45' title='bbox 1069 322 1177 353; x_wconf 88' lang='lat' dir='ltr'><strong>Dione</strong></span> <span class='ocrx_word' id='word_1_46' title='bbox 1197 322 1306 362; x_wconf 89' lang='lat' dir='ltr'><strong>potior</strong></span> <span class='ocrx_word' id='word_1_47' title='bbox 1313 320 1338 359; x_wconf 78' lang='lat'><strong>³)</strong></span> <span class='ocrx_word' id='word_1_48' title='bbox 1360 325 1420 352; x_wconf 91' lang='lat' dir='ltr'><strong>est.</strong></span> 
     </span>
     <span class='ocr_line' id='line_1_11' title="bbox 187 367 1421 410; baseline -0.001 -10"><span class='ocrx_word' id='word_1_49' title='bbox 187 367 352 402; x_wconf 85' lang='lat' dir='ltr'><strong>Phraates</strong></span> <span class='ocrx_word' id='word_1_50' title='bbox 372 370 476 410; x_wconf 82' lang='lat' dir='ltr'><strong>igitur</strong></span> <span class='ocrx_word' id='word_1_51' title='bbox 503 370 567 402; x_wconf 82' lang='lat' dir='ltr'><strong>fuit</strong></span> <span class='ocrx_word' id='word_1_52' title='bbox 596 380 655 402; x_wconf 87' lang='lat' dir='ltr'><strong>rex</strong></span> <span class='ocrx_word' id='word_1_53' title='bbox 679 370 737 402; x_wconf 86' lang='lat' dir='ltr'><strong>ille</strong></span> <span class='ocrx_word' id='word_1_54' title='bbox 767 370 975 409; x_wconf 85' lang='lat' dir='ltr'><strong>Parthorum,</strong></span> <span class='ocrx_word' id='word_1_55' title='bbox 1007 370 1049 400; x_wconf 88' lang='lat' dir='ltr'><strong>ad</strong></span> <span class='ocrx_word' id='word_1_56' title='bbox 1080 379 1173 408; x_wconf 91' lang='lat' dir='ltr'><strong>quem</strong></span> <span class='ocrx_word' id='word_1_57' title='bbox 1202 369 1361 401; x_wconf 78' lang='lat' dir='ltr'>Lucullus</span> <span class='ocrx_word' id='word_1_58' title='bbox 1382 378 1421 399; x_wconf 87' lang='lat' dir='ltr'><strong>ex</strong></span> 
     </span>
     <span class='ocr_line' id='line_1_12' title="bbox 191 416 1424 457; baseline 0 -10"><span class='ocrx_word' id='word_1_59' title='bbox 191 416 288 449; x_wconf 87' lang='lat' dir='ltr'><strong>sociis</strong></span> <span class='ocrx_word' id='word_1_60' title='bbox 305 418 477 450; x_wconf 90' lang='lat' dir='ltr'><strong>nonnullos</strong></span> <span class='ocrx_word' id='word_1_61' title='bbox 492 418 662 457; x_wconf 81' lang='lat' dir='ltr'><strong>ablegavit</strong></span> <span class='ocrx_word' id='word_1_62' title='bbox 675 421 710 449; x_wconf 91' lang='lat' dir='ltr'><strong>et</strong></span> <span class='ocrx_word' id='word_1_63' title='bbox 724 426 859 457; x_wconf 87' lang='lat' dir='ltr'><strong>quocum</strong></span> <span class='ocrx_word' id='word_1_64' title='bbox 872 417 912 448; x_wconf 91' lang='lat' dir='ltr'><strong>de</strong></span> <span class='ocrx_word' id='word_1_65' title='bbox 925 417 1056 456; x_wconf 85' lang='lat' dir='ltr'><strong>integro</strong></span> <span class='ocrx_word' id='word_1_66' title='bbox 1069 420 1185 456; x_wconf 89' lang='lat' dir='ltr'><strong>postea</strong></span> <span class='ocrx_word' id='word_1_67' title='bbox 1198 416 1424 447; x_wconf 85' lang='lat' dir='ltr'><strong>reconciliavit</strong></span> 
     </span>
     <span class='ocr_line' id='line_1_13' title="bbox 189 462 1422 505; baseline -0.002 -8"><span class='ocrx_word' id='word_1_68' title='bbox 189 464 366 497; x_wconf 75' lang='lat' dir='ltr'><strong>amicitiam</strong></span> <span class='ocrx_word' id='word_1_69' title='bbox 383 464 565 505; x_wconf 83' lang='lat' dir='ltr'><strong>Pompeius.</strong></span> <span class='ocrx_word' id='word_1_70' title='bbox 606 465 653 497; x_wconf 87' lang='lat' dir='ltr'><strong>Et</strong></span> <span class='ocrx_word' id='word_1_71' title='bbox 677 474 718 496; x_wconf 91' lang='lat' dir='ltr'><strong>ne</strong></span> <span class='ocrx_word' id='word_1_72' title='bbox 740 465 811 504; x_wconf 92' lang='lat' dir='ltr'><strong>quis</strong></span> <span class='ocrx_word' id='word_1_73' title='bbox 832 464 1025 501; x_wconf 83' lang='lat' dir='ltr'><strong>offendatur,</strong></span> <span class='ocrx_word' id='word_1_74' title='bbox 1055 464 1140 503; x_wconf 90' lang='lat' dir='ltr'><strong>quod</strong></span> <span class='ocrx_word' id='word_1_75' title='bbox 1159 464 1299 496; x_wconf 88' lang='lat' dir='ltr'><strong>Arsacis</strong></span> <span class='ocrx_word' id='word_1_76' title='bbox 1320 463 1339 495; x_wconf 94' lang='lat' dir='ltr'>I</span> <span class='ocrx_word' id='word_1_77' title='bbox 1359 462 1422 495; x_wconf 83' lang='lat' dir='ltr'><strong>me-</strong></span> 
     </span>
     <span class='ocr_line' id='line_1_14' title="bbox 188 512 1423 552; baseline -0.002 -7"><span class='ocrx_word' id='word_1_78' title='bbox 188 513 311 546; x_wconf 78' lang='lat' dir='ltr'><strong>moriae</strong></span> <span class='ocrx_word' id='word_1_79' title='bbox 331 513 416 545; x_wconf 89' lang='lat' dir='ltr'><strong>hunc</strong></span> <span class='ocrx_word' id='word_1_80' title='bbox 429 513 583 545; x_wconf 80' lang='lat' dir='ltr'><strong>honorem</strong></span> <span class='ocrx_word' id='word_1_81' title='bbox 597 513 740 545; x_wconf 85' lang='lat' dir='ltr'><strong>Parthos</strong></span> <span class='ocrx_word' id='word_1_82' title='bbox 761 513 918 544; x_wconf 79' lang='lat' dir='ltr'><strong>tribuisse</strong></span> <span class='ocrx_word' id='word_1_83' title='bbox 938 512 1086 543; x_wconf 89' lang='lat' dir='ltr'><strong>Iustinus</strong></span> <span class='ocrx_word' id='word_1_84' title='bbox 1107 513 1128 543; x_wconf 92' lang='lat' dir='ltr'><strong>l.</strong></span> <span class='ocrx_word' id='word_1_85' title='bbox 1150 512 1233 543; x_wconf 90' lang='lat' dir='ltr'><strong>XLI</strong></span> <span class='ocrx_word' id='word_1_86' title='bbox 1246 513 1275 552; x_wconf 88' lang='lat'><strong>5,</strong></span> <span class='ocrx_word' id='word_1_87' title='bbox 1295 513 1314 544; x_wconf 89' lang='lat'><strong>6</strong></span> <span class='ocrx_word' id='word_1_88' title='bbox 1336 513 1423 544; x_wconf 83' lang='lat' dir='ltr'><strong>affir-</strong></span> 
     </span>
     <span class='ocr_line' id='line_1_15' title="bbox 188 560 1424 601; baseline 0 -8"><span class='ocrx_word' id='word_1_89' title='bbox 188 565 266 601; x_wconf 86' lang='lat' dir='ltr'><strong>mat,</strong></span> <span class='ocrx_word' id='word_1_90' title='bbox 301 565 339 594; x_wconf 90' lang='lat' dir='ltr'><strong>ut</strong></span> <span class='ocrx_word' id='word_1_91' title='bbox 368 571 478 594; x_wconf 91' lang='lat' dir='ltr'><strong>omnes</strong></span> <span class='ocrx_word' id='word_1_92' title='bbox 509 562 625 593; x_wconf 86' lang='lat' dir='ltr'><strong>exinde</strong></span> <span class='ocrx_word' id='word_1_93' title='bbox 655 570 753 600; x_wconf 88' lang='lat' dir='ltr'><strong>reges</strong></span> <span class='ocrx_word' id='word_1_94' title='bbox 785 570 861 593; x_wconf 89' lang='lat' dir='ltr'><strong>suos</strong></span> <span class='ocrx_word' id='word_1_95' title='bbox 892 561 1013 592; x_wconf 82' lang='lat' dir='ltr'><strong>Arsaci</strong></span> <span class='ocrx_word' id='word_1_96' title='bbox 1044 561 1286 600; x_wconf 75' lang='lat' dir='ltr'><strong>nuncuparent!</strong></span> <span class='ocrx_word' id='word_1_97' title='bbox 1328 560 1424 600; x_wconf 77' lang='lat' dir='ltr'><strong>Quod</strong></span> 
     </span>
     <span class='ocr_line' id='line_1_16' title="bbox 190 605 1424 656; baseline -0.001 -15"><span class='ocrx_word' id='word_1_98' title='bbox 190 610 371 650; x_wconf 61' lang='lat' dir='ltr'><strong>refutatur&gt;</strong></span> <span class='ocrx_word' id='word_1_99' title='bbox 385 620 406 642; x_wconf 89' lang='lat' dir='ltr'><strong>a</strong></span> <span class='ocrx_word' id='word_1_100' title='bbox 432 610 595 642; x_wconf 85' lang='lat' dir='ltr'><strong>Strabone</strong></span> <span class='ocrx_word' id='word_1_101' title='bbox 622 611 642 642; x_wconf 92' lang='lat'><strong>1.</strong></span> <span class='ocrx_word' id='word_1_102' title='bbox 665 610 684 641; x_wconf 92' lang='grc' dir='ltr'>Ι</span> <span class='ocrx_word' id='word_1_103' title='bbox 704 610 733 642; x_wconf 86' lang='grc' dir='ltr'><strong>Ε</strong></span> <span class='ocrx_word' id='word_1_104' title='bbox 754 610 793 641; x_wconf 83' lang='grc'><strong>36</strong></span> <span class='ocrx_word' id='word_1_105' title='bbox 813 619 843 649; x_wconf 90' lang='lat' dir='ltr'><strong>p.</strong></span> <span class='ocrx_word' id='word_1_106' title='bbox 865 610 924 641; x_wconf 89' lang='grc'><strong>979</strong></span> <span class='ocrx_word' id='word_1_107' title='bbox 951 610 1014 646; x_wconf 89' lang='lat' dir='ltr'><strong>(ed.</strong></span> <span class='ocrx_word' id='word_1_108' title='bbox 1035 609 1213 646; x_wconf 87' lang='lat' dir='ltr'><strong>Meineke):</strong></span> <span class='ocrx_word' id='word_1_109' title='bbox 1240 605 1424 656; x_wconf 77' lang='grc' dir='ltr'><em>Ἀρσάχαι</em></span> 
     </span>
    </p>
   </div>
   <div class='ocr_carea' id='block_1_8' title="bbox 189 659 1428 942">
    <p class='ocr_par' dir='ltr' id='par_1_8' title="bbox 189 659 1428 942">
     <span class='ocr_line' id='line_1_17' title="bbox 189 659 1425 713; baseline -0.001 -13"><span class='ocrx_word' id='word_1_110' title='bbox 189 661 279 712; x_wconf 60' lang='grc' dir='ltr'><strong>γὰρ</strong></span> <span class='ocrx_word' id='word_1_111' title='bbox 303 662 508 700; x_wconf 84' lang='grc' dir='ltr'><em>καλοῦνται</em></span> <span class='ocrx_word' id='word_1_112' title='bbox 544 662 696 710; x_wconf 78' lang='grc' dir='ltr'><em>πάντες,</em></span> <span class='ocrx_word' id='word_1_113' title='bbox 735 660 814 713; x_wconf 76' lang='grc' dir='ltr'><em>ἰδίᾳ</em></span> <span class='ocrx_word' id='word_1_114' title='bbox 852 661 901 700; x_wconf 73' lang='grc' dir='ltr'><strong>δὲ</strong></span> <span class='ocrx_word' id='word_1_115' title='bbox 929 662 951 700; x_wconf 86' lang='grc' dir='ltr'><em>ὁ</em></span> <span class='ocrx_word' id='word_1_116' title='bbox 986 661 1061 712; x_wconf 84' lang='grc' dir='ltr'><strong>μὲν</strong></span> <span class='ocrx_word' id='word_1_117' title='bbox 1107 659 1294 713; x_wconf 75' lang='grc' dir='ltr'><em>Ὀρώὸης,</em></span> <span class='ocrx_word' id='word_1_118' title='bbox 1326 660 1349 699; x_wconf 84' lang='grc' dir='ltr'><strong><em>ὁ</em></strong></span> <span class='ocrx_word' id='word_1_119' title='bbox 1376 659 1425 699; x_wconf 72' lang='grc' dir='ltr'><strong>δὲ</strong></span> 
     </span>
     <span class='ocr_line' id='line_1_18' title="bbox 194 715 1426 768; baseline -0.001 -13"><span class='ocrx_word' id='word_1_120' title='bbox 194 715 390 768; x_wconf 72' lang='grc' dir='ltr'><strong>Φραάτης,</strong></span> <span class='ocrx_word' id='word_1_121' title='bbox 421 717 443 755; x_wconf 84' lang='grc' dir='ltr'><em>ὅ</em></span> <span class='ocrx_word' id='word_1_122' title='bbox 472 715 618 756; x_wconf 72' lang='grc' dir='ltr'><em>δ’ἄλλο</em></span> <span class='ocrx_word' id='word_1_123' title='bbox 648 729 680 755; x_wconf 82' lang='grc' dir='ltr'>τι</span> <span class='ocrx_word' id='word_1_124' title='bbox 710 719 879 764; x_wconf 83' lang='lat' dir='ltr'><strong>magisque</strong></span> <span class='ocrx_word' id='word_1_125' title='bbox 906 733 926 755; x_wconf 90' lang='lat' dir='ltr'><strong>a</strong></span> <span class='ocrx_word' id='word_1_126' title='bbox 950 723 1057 756; x_wconf 92' lang='lat' dir='ltr'><strong>Dione</strong></span> <span class='ocrx_word' id='word_1_127' title='bbox 1087 723 1108 755; x_wconf 92' lang='lat'><strong>1.</strong></span> <span class='ocrx_word' id='word_1_128' title='bbox 1137 722 1289 756; x_wconf 85' lang='lat' dir='ltr'>XXXVI</span> <span class='ocrx_word' id='word_1_129' title='bbox 1308 722 1347 754; x_wconf 86' lang='lat'><strong>45</strong></span> <span class='ocrx_word' id='word_1_130' title='bbox 1378 721 1426 754; x_wconf 88' lang='lat' dir='ltr'><strong>sic</strong></span> 
     </span>
     <span class='ocr_line' id='line_1_19' title="bbox 190 773 1428 827; baseline 0 -15"><span class='ocrx_word' id='word_1_131' title='bbox 190 781 358 816; x_wconf 78' lang='lat' dir='ltr'><strong>tradente:</strong></span> <span class='ocrx_word' id='word_1_132' title='bbox 389 776 457 813; x_wconf 80' lang='grc' dir='ltr'><strong>τοῦ</strong></span> <span class='ocrx_word' id='word_1_133' title='bbox 487 774 566 826; x_wconf 59' lang='lat' dir='ltr'><strong>rzip</strong></span> <span class='ocrx_word' id='word_1_134' title='bbox 599 773 792 826; x_wconf 78' lang='grc' dir='ltr'><em>Ἀρσάκου</em></span> <span class='ocrx_word' id='word_1_135' title='bbox 818 777 886 814; x_wconf 86' lang='grc' dir='ltr'><strong>τοῦ</strong></span> <span class='ocrx_word' id='word_1_136' title='bbox 919 779 994 814; x_wconf 87' lang='grc' dir='ltr'><strong>τῶν</strong></span> <span class='ocrx_word' id='word_1_137' title='bbox 1024 775 1195 826; x_wconf 80' lang='grc' dir='ltr'><em>Πάρθων</em></span> <span class='ocrx_word' id='word_1_138' title='bbox 1222 774 1428 827; x_wconf 80' lang='grc' dir='ltr'><em>βασιλέως</em></span> 
     </span>
     <span class='ocr_line' id='line_1_20' title="bbox 191 828 1426 895; baseline -0.001 -25"><span class='ocrx_word' id='word_1_139' title='bbox 191 831 461 878; x_wconf 78' lang='grc' dir='ltr'><em>ἀποθανόντος</em></span> <span class='ocrx_word' id='word_1_140' title='bbox 479 853 530 859; x_wconf 93' lang='lat'><strong>—-</strong></span> <span class='ocrx_word' id='word_1_141' title='bbox 562 833 744 886; x_wconf 74' lang='grc' dir='ltr'><em>Φραάτην</em></span> <span class='ocrx_word' id='word_1_142' title='bbox 764 832 829 872; x_wconf 81' lang='grc' dir='ltr'><strong>τὸν</strong></span> <span class='ocrx_word' id='word_1_143' title='bbox 843 834 1049 895; x_wconf 77' lang='grc' dir='ltr'><em>οιάοοχον</em></span> <span class='ocrx_word' id='word_1_144' title='bbox 1090 833 1209 877; x_wconf 81' lang='grc' dir='ltr'><em>αὐτοῦ</em></span> <span class='ocrx_word' id='word_1_145' title='bbox 1243 852 1306 871; x_wconf 91' lang='grc'><strong>-.</strong></span> <span class='ocrx_word' id='word_1_146' title='bbox 1337 828 1426 869; x_wconf 77' lang='grc' dir='ltr'><em>ἐπεὶ</em></span> 
     </span>
     <span class='ocr_line' id='line_1_21' title="bbox 192 884 1424 942; baseline 0.002 -18"><span class='ocrx_word' id='word_1_147' title='bbox 192 884 238 925; x_wconf 82' lang='lat' dir='ltr'><strong>o‘</strong></span> <span class='ocrx_word' id='word_1_148' title='bbox 268 886 291 924; x_wconf 79' lang='grc' dir='ltr'><em>ὁ</em></span> <span class='ocrx_word' id='word_1_149' title='bbox 319 886 524 941; x_wconf 76' lang='grc' dir='ltr'><em>Πομπήιος·</em></span> <span class='ocrx_word' id='word_1_150' title='bbox 556 888 623 942; x_wconf 82' lang='grc' dir='ltr'><strong>τὴν</strong></span> <span class='ocrx_word' id='word_1_151' title='bbox 652 888 778 940; x_wconf 76' lang='grc' dir='ltr'><em>φιλίαν</em></span> <span class='ocrx_word' id='word_1_152' title='bbox 806 886 861 940; x_wconf 78' lang='grc' dir='ltr'><strong>τῷ</strong></span> <span class='ocrx_word' id='word_1_153' title='bbox 900 888 1060 942; x_wconf 78' lang='grc' dir='ltr'><strong><em>Φραάτῃ</em></strong></span> <span class='ocrx_word' id='word_1_154' title='bbox 1091 889 1157 928; x_wconf 75' lang='grc' dir='ltr'>διὰ</span> <span class='ocrx_word' id='word_1_155' title='bbox 1193 886 1344 941; x_wconf 82' lang='grc' dir='ltr'><em>ταχέων</em></span> <span class='ocrx_word' id='word_1_156' title='bbox 1372 907 1424 914; x_wconf 87' lang='lat'><strong>—-</strong></span> 
     </span>
    </p>
   </div>
   <div class='ocr_carea' id='block_1_9' title="bbox 190 941 1425 1561">
    <p class='ocr_par' dir='ltr' id='par_1_9' title="bbox 190 941 1425 1561">
     <span class='ocr_line' id='line_1_22' title="bbox 191 941 1423 992; baseline 0 -12"><span class='ocrx_word' id='word_1_157' title='bbox 191 941 469 992; x_wconf 77' lang='grc' dir='ltr'><em>προσυνέθετο,</em></span> <span class='ocrx_word' id='word_1_158' title='bbox 499 951 584 982; x_wconf 91' lang='lat' dir='ltr'><strong>unde</strong></span> <span class='ocrx_word' id='word_1_159' title='bbox 611 951 768 990; x_wconf 87' lang='lat' dir='ltr'><strong>sequitur,</strong></span> <span class='ocrx_word' id='word_1_160' title='bbox 800 954 837 982; x_wconf 87' lang='lat' dir='ltr'><strong>ut</strong></span> <span class='ocrx_word' id='word_1_161' title='bbox 861 951 949 982; x_wconf 87' lang='lat' dir='ltr'><strong>inter</strong></span> <span class='ocrx_word' id='word_1_162' title='bbox 972 952 1113 991; x_wconf 85' lang='lat' dir='ltr'><strong>priorem</strong></span> <span class='ocrx_word' id='word_1_163' title='bbox 1143 954 1177 982; x_wconf 89' lang='lat' dir='ltr'><strong>et</strong></span> <span class='ocrx_word' id='word_1_164' title='bbox 1198 950 1338 982; x_wconf 86' lang='lat' dir='ltr'><strong>alterum</strong></span> <span class='ocrx_word' id='word_1_165' title='bbox 1358 948 1423 981; x_wconf 93' lang='lat' dir='ltr'><strong>Dio</strong></span> 
     </span>
     <span class='ocr_line' id='line_1_23' title="bbox 190 997 1423 1039; baseline -0.001 -11"><span class='ocrx_word' id='word_1_166' title='bbox 190 997 320 1029; x_wconf 86' lang='lat' dir='ltr'><strong>noverit</strong></span> <span class='ocrx_word' id='word_1_167' title='bbox 340 997 519 1031; x_wconf 87' lang='lat' dir='ltr'><strong>discrimen.</strong></span> <span class='ocrx_word' id='word_1_168' title='bbox 560 999 607 1031; x_wconf 87' lang='lat' dir='ltr'><strong>Et</strong></span> <span class='ocrx_word' id='word_1_169' title='bbox 625 1000 772 1039; x_wconf 85' lang='lat' dir='ltr'><strong>profecto</strong></span> <span class='ocrx_word' id='word_1_170' title='bbox 804 1000 887 1031; x_wconf 86' lang='lat' dir='ltr'><strong>alius</strong></span> <span class='ocrx_word' id='word_1_171' title='bbox 909 1003 961 1032; x_wconf 89' lang='lat' dir='ltr'><strong>est</strong></span> <span class='ocrx_word' id='word_1_172' title='bbox 980 1000 1126 1032; x_wconf 79' lang='lat' dir='ltr'><strong>Arsaces</strong></span> <span class='ocrx_word' id='word_1_173' title='bbox 1148 999 1199 1031; x_wconf 90' lang='lat' dir='ltr'><strong>XI</strong></span> <span class='ocrx_word' id='word_1_174' title='bbox 1221 998 1423 1034; x_wconf 82' lang='lat' dir='ltr'><strong>Sinatruces,</strong></span> 
     </span>
     <span class='ocr_line' id='line_1_24' title="bbox 190 1044 1422 1087; baseline 0.001 -11"><span class='ocrx_word' id='word_1_175' title='bbox 190 1044 275 1077; x_wconf 83' lang='lat' dir='ltr'><strong>alius</strong></span> <span class='ocrx_word' id='word_1_176' title='bbox 295 1044 459 1078; x_wconf 84' lang='lat' dir='ltr'><strong>Phraates</strong></span> <span class='ocrx_word' id='word_1_177' title='bbox 479 1046 537 1078; x_wconf 93' lang='lat'><strong>111</strong></span> <span class='ocrx_word' id='word_1_178' title='bbox 563 1056 654 1087; x_wconf 87' lang='lat' dir='ltr'><strong>cogn.</strong></span> <span class='ocrx_word' id='word_1_179' title='bbox 665 1047 813 1080; x_wconf 87' lang='lat' dir='ltr'><strong>Arsaces</strong></span> <span class='ocrx_word' id='word_1_180' title='bbox 833 1047 933 1087; x_wconf 82' lang='lat'>111⁴).</span> <span class='ocrx_word' id='word_1_181' title='bbox 956 1047 1036 1080; x_wconf 87' lang='lat' dir='ltr'><strong>Cum</strong></span> <span class='ocrx_word' id='word_1_182' title='bbox 1057 1048 1164 1079; x_wconf 88' lang='lat' dir='ltr'><strong>Dione</strong></span> <span class='ocrx_word' id='word_1_183' title='bbox 1185 1050 1293 1079; x_wconf 87' lang='lat' dir='ltr'><strong>autem</strong></span> <span class='ocrx_word' id='word_1_184' title='bbox 1315 1045 1422 1078; x_wconf 88' lang='lat' dir='ltr'><strong>Sallu-</strong></span> 
     </span>
     <span class='ocr_line' id='line_1_25' title="bbox 191 1093 1420 1135; baseline 0.001 -11"><span class='ocrx_word' id='word_1_185' title='bbox 191 1093 289 1125; x_wconf 86' lang='lat' dir='ltr'><strong>stium</strong></span> <span class='ocrx_word' id='word_1_186' title='bbox 311 1097 344 1125; x_wconf 91' lang='lat' dir='ltr'><strong>et</strong></span> <span class='ocrx_word' id='word_1_187' title='bbox 364 1095 397 1125; x_wconf 90' lang='lat' dir='ltr'><strong>in</strong></span> <span class='ocrx_word' id='word_1_188' title='bbox 419 1096 562 1135; x_wconf 88' lang='lat' dir='ltr'><strong>epistula</strong></span> <span class='ocrx_word' id='word_1_189' title='bbox 582 1100 616 1127; x_wconf 87' lang='lat' dir='ltr'><strong>et</strong></span> <span class='ocrx_word' id='word_1_190' title='bbox 636 1096 710 1127; x_wconf 83' lang='lat' dir='ltr'><strong>aliis</strong></span> <span class='ocrx_word' id='word_1_191' title='bbox 731 1097 812 1127; x_wconf 90' lang='lat' dir='ltr'><strong>locis</strong></span> <span class='ocrx_word' id='word_1_192' title='bbox 832 1096 947 1128; x_wconf 86' lang='lat' dir='ltr'><strong>mirum</strong></span> <span class='ocrx_word' id='word_1_193' title='bbox 968 1097 1001 1128; x_wconf 92' lang='lat' dir='ltr'><strong>in</strong></span> <span class='ocrx_word' id='word_1_194' title='bbox 1015 1097 1139 1128; x_wconf 87' lang='lat' dir='ltr'><strong>modum</strong></span> <span class='ocrx_word' id='word_1_195' title='bbox 1156 1095 1340 1127; x_wconf 89' lang='lat' dir='ltr'><strong>consentire</strong></span> <span class='ocrx_word' id='word_1_196' title='bbox 1355 1095 1420 1126; x_wconf 81' lang='lat' dir='ltr'><strong>iam</strong></span> 
     </span>
     <span class='ocr_line' id='line_1_26' title="bbox 192 1141 1422 1184; baseline 0.001 -12"><span class='ocrx_word' id='word_1_197' title='bbox 192 1141 416 1174; x_wconf 89' lang='lat' dir='ltr'><strong>Willmansius</strong></span> <span class='ocrx_word' id='word_1_198' title='bbox 424 1143 459 1182; x_wconf 84' lang='lat'><strong>⁵),</strong></span> <span class='ocrx_word' id='word_1_199' title='bbox 481 1143 737 1183; x_wconf 69' lang='lat' dir='ltr'><strong>Grasshofius⁶)‚</strong></span> <span class='ocrx_word' id='word_1_200' title='bbox 758 1144 939 1183; x_wconf 86' lang='lat' dir='ltr'><strong>Lauerus⁷)</strong></span> <span class='ocrx_word' id='word_1_201' title='bbox 966 1145 1074 1184; x_wconf 90' lang='lat' dir='ltr'><strong>palam</strong></span> <span class='ocrx_word' id='word_1_202' title='bbox 1094 1144 1252 1175; x_wconf 85' lang='lat' dir='ltr'><strong>fecerunt.</strong></span> <span class='ocrx_word' id='word_1_203' title='bbox 1294 1142 1422 1182; x_wconf 75' lang='lat' dir='ltr'><strong>Itaque,</strong></span> 
     </span>
     <span class='ocr_line' id='line_1_27' title="bbox 191 1190 1421 1233; baseline 0.001 -11"><span class='ocrx_word' id='word_1_204' title='bbox 191 1190 270 1222; x_wconf 90' lang='lat' dir='ltr'><strong>licet</strong></span> <span class='ocrx_word' id='word_1_205' title='bbox 289 1191 412 1223; x_wconf 87' lang='lat' dir='ltr'><strong>nullum</strong></span> <span class='ocrx_word' id='word_1_206' title='bbox 426 1192 466 1224; x_wconf 88' lang='lat' dir='ltr'><strong>iis</strong></span> <span class='ocrx_word' id='word_1_207' title='bbox 481 1192 520 1224; x_wconf 88' lang='lat' dir='ltr'><strong>de</strong></span> <span class='ocrx_word' id='word_1_208' title='bbox 535 1194 633 1225; x_wconf 91' lang='lat' dir='ltr'><strong>rebus</strong></span> <span class='ocrx_word' id='word_1_209' title='bbox 647 1192 865 1233; x_wconf 85' lang='lat' dir='ltr'><strong>fragmentum</strong></span> <span class='ocrx_word' id='word_1_210' title='bbox 879 1193 1111 1233; x_wconf 82' lang='lat' dir='ltr'><strong>possideamus,</strong></span> <span class='ocrx_word' id='word_1_211' title='bbox 1127 1193 1294 1233; x_wconf 85' lang='lat' dir='ltr'><strong>quominus</strong></span> <span class='ocrx_word' id='word_1_212' title='bbox 1309 1192 1421 1223; x_wconf 91' lang='lat' dir='ltr'><strong>eodem</strong></span> 
     </span>
     <span class='ocr_line' id='line_1_28' title="bbox 190 1239 1421 1281; baseline 0 -11"><span class='ocrx_word' id='word_1_213' title='bbox 190 1239 282 1270; x_wconf 91' lang='lat' dir='ltr'><strong>modo</strong></span> <span class='ocrx_word' id='word_1_214' title='bbox 309 1243 407 1279; x_wconf 85' lang='lat' dir='ltr'><strong>atque</strong></span> <span class='ocrx_word' id='word_1_215' title='bbox 427 1241 565 1272; x_wconf 88' lang='lat' dir='ltr'><strong>Dionem</strong></span> <span class='ocrx_word' id='word_1_216' title='bbox 587 1241 778 1273; x_wconf 83' lang='lat' dir='ltr'><strong>Sallustium</strong></span> <span class='ocrx_word' id='word_1_217' title='bbox 800 1251 924 1281; x_wconf 89' lang='lat' dir='ltr'><strong>quoque</strong></span> <span class='ocrx_word' id='word_1_218' title='bbox 950 1251 1047 1280; x_wconf 87' lang='lat' dir='ltr'><strong>reges</strong></span> <span class='ocrx_word' id='word_1_219' title='bbox 1074 1242 1214 1273; x_wconf 83' lang='lat' dir='ltr'><strong>edidisse</strong></span> <span class='ocrx_word' id='word_1_220' title='bbox 1241 1249 1300 1271; x_wconf 90' lang='lat' dir='ltr'><strong>nos</strong></span> <span class='ocrx_word' id='word_1_221' title='bbox 1328 1243 1421 1271; x_wconf 84' lang='lat' dir='ltr'><strong>autu-</strong></span> 
     </span>
     <span class='ocr_line' id='line_1_29' title="bbox 191 1288 1423 1329; baseline 0.002 -11"><span class='ocrx_word' id='word_1_222' title='bbox 191 1296 322 1326; x_wconf 84' lang='lat' dir='ltr'><strong>memus,</strong></span> <span class='ocrx_word' id='word_1_223' title='bbox 349 1289 420 1327; x_wconf 85' lang='lat' dir='ltr'><strong>quis</strong></span> <span class='ocrx_word' id='word_1_224' title='bbox 445 1292 497 1320; x_wconf 89' lang='lat' dir='ltr'><strong>est</strong></span> <span class='ocrx_word' id='word_1_225' title='bbox 521 1289 605 1328; x_wconf 89' lang='lat' dir='ltr'><strong>quod</strong></span> <span class='ocrx_word' id='word_1_226' title='bbox 627 1289 785 1329; x_wconf 84' lang='lat' dir='ltr'><strong>impedit?</strong></span> <span class='ocrx_word' id='word_1_227' title='bbox 819 1289 961 1320; x_wconf 86' lang='lat' dir='ltr'><strong>Proinde</strong></span> <span class='ocrx_word' id='word_1_228' title='bbox 990 1289 1306 1329; x_wconf 80' lang='lat' dir='ltr'><strong>comprehendamus,</strong></span> <span class='ocrx_word' id='word_1_229' title='bbox 1339 1288 1423 1327; x_wconf 92' lang='lat' dir='ltr'><strong>quod</strong></span> 
     </span>
     <span class='ocr_line' id='line_1_30' title="bbox 193 1335 1423 1377; baseline 0.001 -11"><span class='ocrx_word' id='word_1_230' title='bbox 193 1335 312 1367; x_wconf 89' lang='lat' dir='ltr'><strong>sentio!</strong></span> <span class='ocrx_word' id='word_1_231' title='bbox 355 1335 548 1368; x_wconf 86' lang='lat' dir='ltr'><strong>Sallustium</strong></span> <span class='ocrx_word' id='word_1_232' title='bbox 576 1346 615 1368; x_wconf 84' lang='lat' dir='ltr'><strong>ex</strong></span> <span class='ocrx_word' id='word_1_233' title='bbox 641 1338 738 1377; x_wconf 87' lang='lat' dir='ltr'><strong>gravi</strong></span> <span class='ocrx_word' id='word_1_234' title='bbox 765 1341 887 1376; x_wconf 84' lang='lat' dir='ltr'><strong>errato,</strong></span> <span class='ocrx_word' id='word_1_235' title='bbox 908 1338 941 1369; x_wconf 91' lang='lat' dir='ltr'><strong>in</strong></span> <span class='ocrx_word' id='word_1_236' title='bbox 963 1338 1047 1377; x_wconf 92' lang='lat' dir='ltr'><strong>quod</strong></span> <span class='ocrx_word' id='word_1_237' title='bbox 1073 1341 1107 1369; x_wconf 88' lang='lat' dir='ltr'><strong>et</strong></span> <span class='ocrx_word' id='word_1_238' title='bbox 1132 1337 1197 1369; x_wconf 91' lang='lat' dir='ltr'><strong>Dio</strong></span> <span class='ocrx_word' id='word_1_239' title='bbox 1223 1337 1423 1368; x_wconf 87' lang='lat' dir='ltr'><strong>auctoritate</strong></span> 
     </span>
     <span class='ocr_line' id='line_1_31' title="bbox 192 1383 1422 1426; baseline 0.001 -12"><span class='ocrx_word' id='word_1_240' title='bbox 192 1383 262 1415; x_wconf 88' lang='lat' dir='ltr'><strong>eius</strong></span> <span class='ocrx_word' id='word_1_241' title='bbox 275 1387 382 1416; x_wconf 87' lang='lat' dir='ltr'><strong>motus</strong></span> <span class='ocrx_word' id='word_1_242' title='bbox 396 1385 519 1424; x_wconf 85' lang='lat' dir='ltr'><strong>incidit,</strong></span> <span class='ocrx_word' id='word_1_243' title='bbox 535 1386 706 1426; x_wconf 89' lang='lat' dir='ltr'><strong>epistulam</strong></span> <span class='ocrx_word' id='word_1_244' title='bbox 722 1386 925 1417; x_wconf 87' lang='lat' dir='ltr'><strong>Mithridatis</strong></span> <span class='ocrx_word' id='word_1_245' title='bbox 939 1386 1192 1425; x_wconf 85' lang='lat' dir='ltr'><strong>manuscriptam</strong></span> <span class='ocrx_word' id='word_1_246' title='bbox 1214 1389 1291 1416; x_wconf 89' lang='lat' dir='ltr'><strong>ante</strong></span> <span class='ocrx_word' id='word_1_247' title='bbox 1313 1385 1422 1416; x_wconf 89' lang='lat' dir='ltr'><strong>oculos</strong></span> 
     </span>
     <span class='ocr_line' id='line_1_32' title="bbox 191 1431 1425 1472; baseline 0.002 -11"><span class='ocrx_word' id='word_1_248' title='bbox 191 1431 345 1463; x_wconf 88' lang='lat' dir='ltr'><strong>habuisse</strong></span> <span class='ocrx_word' id='word_1_249' title='bbox 374 1436 408 1463; x_wconf 92' lang='lat' dir='ltr'><strong>et</strong></span> <span class='ocrx_word' id='word_1_250' title='bbox 433 1442 591 1472; x_wconf 85' lang='lat' dir='ltr'><strong>cognosse</strong></span> <span class='ocrx_word' id='word_1_251' title='bbox 617 1437 675 1465; x_wconf 90' lang='lat' dir='ltr'><strong>aut</strong></span> <span class='ocrx_word' id='word_1_252' title='bbox 701 1433 872 1465; x_wconf 88' lang='lat' dir='ltr'><strong>certiorem</strong></span> <span class='ocrx_word' id='word_1_253' title='bbox 899 1434 938 1465; x_wconf 89' lang='lat' dir='ltr'><strong>de</strong></span> <span class='ocrx_word' id='word_1_254' title='bbox 965 1443 1005 1465; x_wconf 89' lang='lat' dir='ltr'><strong>ea</strong></span> <span class='ocrx_word' id='word_1_255' title='bbox 1031 1442 1104 1465; x_wconf 89' lang='lat' dir='ltr'><strong>esse</strong></span> <span class='ocrx_word' id='word_1_256' title='bbox 1134 1433 1257 1464; x_wconf 85' lang='lat' dir='ltr'><strong>factum</strong></span> <span class='ocrx_word' id='word_1_257' title='bbox 1288 1431 1425 1471; x_wconf 84' lang='lat' dir='ltr'><strong>neganti</strong></span> 
     </span>
     <span class='ocr_line' id='line_1_33' title="bbox 193 1479 1424 1520; baseline 0.001 -10"><span class='ocrx_word' id='word_1_258' title='bbox 193 1479 277 1510; x_wconf 85' lang='lat' dir='ltr'><strong>satio</strong></span> <span class='ocrx_word' id='word_1_259' title='bbox 297 1480 376 1511; x_wconf 91' lang='lat' dir='ltr'><strong>mihi</strong></span> <span class='ocrx_word' id='word_1_260' title='bbox 394 1482 554 1520; x_wconf 87' lang='lat' dir='ltr'><strong>probatur</strong></span> <span class='ocrx_word' id='word_1_261' title='bbox 566 1481 663 1513; x_wconf 75' lang='lat' dir='ltr'><strong>illam¹</strong></span> <span class='ocrx_word' id='word_1_262' title='bbox 671 1481 819 1513; x_wconf 88' lang='lat' dir='ltr'><strong>historiis</strong></span> <span class='ocrx_word' id='word_1_263' title='bbox 833 1481 991 1513; x_wconf 87' lang='lat' dir='ltr'><strong>insertam</strong></span> <span class='ocrx_word' id='word_1_264' title='bbox 1007 1481 1076 1513; x_wconf 91' lang='lat' dir='ltr'><strong>sine</strong></span> <span class='ocrx_word' id='word_1_265' title='bbox 1091 1481 1187 1512; x_wconf 91' lang='lat' dir='ltr'><strong>dubio</strong></span> <span class='ocrx_word' id='word_1_266' title='bbox 1203 1490 1275 1512; x_wconf 88' lang='lat' dir='ltr'><strong>esse</strong></span> <span class='ocrx_word' id='word_1_267' title='bbox 1290 1490 1310 1512; x_wconf 85' lang='lat' dir='ltr'><strong>a</strong></span> <span class='ocrx_word' id='word_1_268' title='bbox 1324 1480 1424 1518; x_wconf 85' lang='lat' dir='ltr'><strong>scrip-</strong></span> 
     </span>
     <span class='ocr_line' id='line_1_34' title="bbox 193 1529 598 1561; baseline 0.007 -3"><span class='ocrx_word' id='word_1_269' title='bbox 193 1530 264 1559; x_wconf 87' lang='lat' dir='ltr'><strong>tore</strong></span> <span class='ocrx_word' id='word_1_270' title='bbox 285 1531 398 1559; x_wconf 89' lang='lat' dir='ltr'><strong>nostro</strong></span> <span class='ocrx_word' id='word_1_271' title='bbox 420 1529 598 1561; x_wconf 87' lang='lat' dir='ltr'><strong>confictam.</strong></span> 
     </span>
    </p>
   </div>
   <div class='ocr_carea' id='block_1_10' title="bbox 190 1627 292 1631">
    <p class='ocr_par' dir='ltr' id='par_1_10' title="bbox 190 1627 292 1631">
     <span class='ocr_line' id='line_1_35' title="bbox 190 1627 292 1631; baseline 0 0"><span class='ocrx_word' id='word_1_272' title='bbox 190 1627 292 1631; x_wconf 95' lang='lat' dir='ltr'><strong> </strong></span> 
     </span>
    </p>
   </div>
   <div class='ocr_carea' id='block_1_11' title="bbox 293 1628 484 1633">
    <p class='ocr_par' dir='ltr' id='par_1_11' title="bbox 293 1628 484 1633">
     <span class='ocr_line' id='line_1_36' title="bbox 293 1628 484 1633; baseline 0 0"><span class='ocrx_word' id='word_1_273' title='bbox 293 1628 484 1633; x_wconf 95' lang='lat' dir='ltr'><strong> </strong></span> 
     </span>
    </p>
   </div>
   <div class='ocr_carea' id='block_1_12' title="bbox 191 1680 1427 1805">
    <p class='ocr_par' dir='ltr' id='par_1_12' title="bbox 191 1680 1427 1791">
     <span class='ocr_line' id='line_1_37' title="bbox 271 1680 1427 1734; baseline -0.001 -12"><span class='ocrx_word' id='word_1_274' title='bbox 271 1683 295 1722; x_wconf 93' lang='lat'><strong>¹)</strong></span> <span class='ocrx_word' id='word_1_275' title='bbox 322 1680 581 1733; x_wconf 69' lang='grc' dir='ltr'><strong>Ἀφικομένων</strong></span> <span class='ocrx_word' id='word_1_276' title='bbox 598 1683 646 1722; x_wconf 74' lang='grc' dir='ltr'><strong>δὲ</strong></span> <span class='ocrx_word' id='word_1_277' title='bbox 663 1682 766 1734; x_wconf 83' lang='grc' dir='ltr'><em>πρὸς·</em></span> <span class='ocrx_word' id='word_1_278' title='bbox 782 1682 846 1722; x_wconf 86' lang='grc' dir='ltr'><strong>τὸν</strong></span> <span class='ocrx_word' id='word_1_279' title='bbox 870 1683 1030 1734; x_wconf 72' lang='grc' dir='ltr'><em>Πάρθον</em></span> <span class='ocrx_word' id='word_1_280' title='bbox 1058 1682 1159 1722; x_wconf 78' lang='grc' dir='ltr'><strong>καὶ</strong></span> <span class='ocrx_word' id='word_1_281' title='bbox 1149 1683 1259 1734; x_wconf 83' lang='grc' dir='ltr'><em>παρὰ</em></span> <span class='ocrx_word' id='word_1_282' title='bbox 1278 1683 1427 1722; x_wconf 82' lang='grc' dir='ltr'><em>Λευκό-</em></span> 
     </span>
     <span class='ocr_line' id='line_1_38' title="bbox 191 1735 1426 1805; baseline 0.002 -32"><span class='ocrx_word' id='word_1_283' title='bbox 191 1735 263 1774; x_wconf 90' lang='grc' dir='ltr'><strong>λου</strong></span> <span class='ocrx_word' id='word_1_284' title='bbox 294 1736 505 1805; x_wconf 78' lang='grc' dir='ltr'><em>πρέσβεων</em></span> <span class='ocrx_word' id='word_1_285' title='bbox 541 1741 621 1784; x_wconf 85' lang='grc' dir='ltr'><em>τοῖς</em></span> <span class='ocrx_word' id='word_1_286' title='bbox 641 1739 716 1790; x_wconf 82' lang='grc' dir='ltr'><strong>μὲν</strong></span> <span class='ocrx_word' id='word_1_287' title='bbox 738 1736 989 1789; x_wconf 81' lang='grc' dir='ltr'><em>Ῥωμαίοις</em></span> <span class='ocrx_word' id='word_1_288' title='bbox 975 1738 1055 1790; x_wconf 84' lang='grc' dir='ltr'>ιοίᾳ</span> <span class='ocrx_word' id='word_1_289' title='bbox 1074 1738 1188 1789; x_wconf 73' lang='grc' dir='ltr'><em>φίλος</em></span> <span class='ocrx_word' id='word_1_290' title='bbox 1212 1736 1310 1777; x_wconf 85' lang='grc' dir='ltr'><em>εἶναι</em></span> <span class='ocrx_word' id='word_1_291' title='bbox 1335 1739 1426 1777; x_wconf 82' lang='grc' dir='ltr'><em>ὑπε-</em></span> 
     </span>
    </p>
   </div>
   <div class='ocr_carea' id='block_1_13' title="bbox 180 1790 684 1845">
    <p class='ocr_par' dir='ltr' id='par_1_13' title="bbox 180 1790 684 1845">
     <span class='ocr_line' id='line_1_39' title="bbox 180 1790 684 1845; baseline 0.01 -17"><span class='ocrx_word' id='word_1_292' title='bbox 180 1790 347 1840; x_wconf 74' lang='grc' dir='ltr'><em>,κρίνατο</em></span> <span class='ocrx_word' id='word_1_293' title='bbox 377 1791 444 1831; x_wconf 80' lang='grc' dir='ltr'><strong>καὶ</strong></span> <span class='ocrx_word' id='word_1_294' title='bbox 468 1793 684 1845; x_wconf 79' lang='grc' dir='ltr'><em>σύμμαχος.</em></span> 
     </span>
    </p>
   </div>
   <div class='ocr_carea' id='block_1_14' title="bbox 193 1848 1432 2013">
    <p class='ocr_par' dir='ltr' id='par_1_14' title="bbox 193 1848 1432 2013">
     <span class='ocr_line' id='line_1_40' title="bbox 272 1848 1426 1919; baseline -0.003 -28"><span class='ocrx_word' id='word_1_295' title='bbox 272 1852 296 1891; x_wconf 84' lang='lat'><strong>²)</strong></span> <span class='ocrx_word' id='word_1_296' title='bbox 323 1848 751 1919; x_wconf 82' lang='grc' dir='ltr'><em>Ἀντιπρεσβεύοντας·</em></span> <span class='ocrx_word' id='word_1_297' title='bbox 724 1852 770 1891; x_wconf 83' lang='grc' dir='ltr'><strong>οὲ</strong></span> <span class='ocrx_word' id='word_1_298' title='bbox 787 1853 856 1891; x_wconf 86' lang='grc' dir='ltr'><strong>τοῦ</strong></span> <span class='ocrx_word' id='word_1_299' title='bbox 875 1850 1125 1890; x_wconf 78' lang='grc' dir='ltr'><em>Λουκούλλου</em></span> <span class='ocrx_word' id='word_1_300' title='bbox 1153 1849 1217 1900; x_wconf 84' lang='grc' dir='ltr'><strong>(ἐς</strong></span> <span class='ocrx_word' id='word_1_301' title='bbox 1235 1850 1300 1889; x_wconf 88' lang='grc' dir='ltr'><strong>τὸν</strong></span> <span class='ocrx_word' id='word_1_302' title='bbox 1324 1850 1426 1901; x_wconf 90' lang='grc' dir='ltr'><em>ΙΙαρ-</em></span> 
     </span>
     <span class='ocr_line' id='line_1_41' title="bbox 193 1905 1432 1969; baseline 0.001 -27"><span class='ocrx_word' id='word_1_303' title='bbox 193 1905 350 1954; x_wconf 90' lang='grc' dir='ltr'><em>θυαῖον)</em></span> <span class='ocrx_word' id='word_1_304' title='bbox 382 1905 450 1945; x_wconf 78' lang='grc' dir='ltr'><strong>καὶ</strong></span> <span class='ocrx_word' id='word_1_305' title='bbox 487 1907 739 1953; x_wconf 69' lang='grc' dir='ltr'><em>ἀξιοῦντος’</em></span> <span class='ocrx_word' id='word_1_306' title='bbox 716 1922 742 1960; x_wconf 86' lang='grc' dir='ltr'><strong><em>η</em></strong></span> <span class='ocrx_word' id='word_1_307' title='bbox 772 1906 815 1946; x_wconf 85' lang='grc' dir='ltr'><strong>οἷ</strong></span> <span class='ocrx_word' id='word_1_308' title='bbox 846 1908 1099 1969; x_wconf 80' lang='grc' dir='ltr'><em>συμμαχῆσαι</em></span> <span class='ocrx_word' id='word_1_309' title='bbox 1126 1905 1151 1957; x_wconf 86' lang='grc' dir='ltr'>ἢ</span> <span class='ocrx_word' id='word_1_310' title='bbox 1188 1905 1432 1957; x_wconf 70' lang='grc' dir='ltr'><em>ἀμφοτέροις</em></span> 
     </span>
     <span class='ocr_line' id='line_1_42' title="bbox 193 1958 1426 2013; baseline -0.002 -12.997"><span class='ocrx_word' id='word_1_311' title='bbox 193 1958 375 2011; x_wconf 76' lang='grc' dir='ltr'><em>ἐκστῆναι</em></span> <span class='ocrx_word' id='word_1_312' title='bbox 405 1964 473 2000; x_wconf 84' lang='grc' dir='ltr'><strong>τοῦ</strong></span> <span class='ocrx_word' id='word_1_313' title='bbox 495 1962 663 2012; x_wconf 72' lang='grc' dir='ltr'><em>ἀγῶνος,</em></span> <span class='ocrx_word' id='word_1_314' title='bbox 690 1963 712 2000; x_wconf 80' lang='grc' dir='ltr'><em>ὁ</em></span> <span class='ocrx_word' id='word_1_315' title='bbox 736 1962 811 2013; x_wconf 87' lang='grc' dir='ltr'><strong>μὲν</strong></span> <span class='ocrx_word' id='word_1_316' title='bbox 833 1961 965 2011; x_wconf 69' lang='grc' dir='ltr'><em>κρύφα</em></span> <span class='ocrx_word' id='word_1_317' title='bbox 994 1960 1269 2010; x_wconf 74' lang='grc' dir='ltr'><em>συντιθέμενος</em></span> <span class='ocrx_word' id='word_1_318' title='bbox 1293 1959 1426 1998; x_wconf 82' lang='grc' dir='ltr'><em>ἑκατέ-</em></span> 
     </span>
    </p>
   </div>
   <div class='ocr_carea' id='block_1_15' title="bbox 188 2022 1040 2063">
    <p class='ocr_par' dir='ltr' id='par_1_15' title="bbox 188 2022 1040 2063">
     <span class='ocr_line' id='line_1_43' title="bbox 188 2022 1040 2063; baseline 0 -12"><span class='ocrx_word' id='word_1_319' title='bbox 188 2025 291 2063; x_wconf 69' lang='grc' dir='ltr'><em>ροις,</em></span> <span class='ocrx_word' id='word_1_320' title='bbox 321 2023 352 2052; x_wconf 92' lang='lat' dir='ltr'><strong>in</strong></span> <span class='ocrx_word' id='word_1_321' title='bbox 373 2022 474 2062; x_wconf 87' lang='lat' dir='ltr'><strong>quibus</strong></span> <span class='ocrx_word' id='word_1_322' title='bbox 495 2023 569 2052; x_wconf 87' lang='lat' dir='ltr'><strong>Livii</strong></span> <span class='ocrx_word' id='word_1_323' title='bbox 591 2023 757 2054; x_wconf 83' lang='lat' dir='ltr'><strong>adhibuisse</strong></span> <span class='ocrx_word' id='word_1_324' title='bbox 777 2022 892 2053; x_wconf 84' lang='lat' dir='ltr'><strong>videtur</strong></span> <span class='ocrx_word' id='word_1_325' title='bbox 912 2022 1040 2052; x_wconf 81' lang='lat' dir='ltr'><strong>annales.</strong></span> 
     </span>
    </p>
   </div>
   <div class='ocr_carea' id='block_1_16' title="bbox 267 2067 1427 2381">
    <p class='ocr_par' dir='ltr' id='par_1_16' title="bbox 267 2067 1427 2381">
     <span class='ocr_line' id='line_1_44' title="bbox 269 2067 1427 2105; baseline -0.001 -4.99"><span class='ocrx_word' id='word_1_326' title='bbox 269 2067 291 2105; x_wconf 71' lang='lat'><strong>²³)</strong></span> <span class='ocrx_word' id='word_1_327' title='bbox 311 2071 422 2100; x_wconf 83' lang='lat' dir='ltr'><strong>Friedr.</strong></span> <span class='ocrx_word' id='word_1_328' title='bbox 446 2071 566 2100; x_wconf 81' lang='lat' dir='ltr'><strong>Richter</strong></span> <span class='ocrx_word' id='word_1_329' title='bbox 586 2071 677 2101; x_wconf 65' lang='lat' dir='ltr'><strong>hist·</strong></span> <span class='ocrx_word' id='word_1_330' title='bbox 685 2072 750 2101; x_wconf 86' lang='lat' dir='ltr'><strong>crit.</strong></span> <span class='ocrx_word' id='word_1_331' title='bbox 770 2071 900 2100; x_wconf 89' lang='lat' dir='ltr'><strong>Versuch</strong></span> <span class='ocrx_word' id='word_1_332' title='bbox 928 2070 997 2099; x_wconf 87' lang='lat' dir='ltr'><strong>uber</strong></span> <span class='ocrx_word' id='word_1_333' title='bbox 1017 2069 1064 2099; x_wconf 87' lang='lat' dir='ltr'><strong>die</strong></span> <span class='ocrx_word' id='word_1_334' title='bbox 1084 2069 1258 2099; x_wconf 85' lang='lat' dir='ltr'><strong>Arsaciden·</strong></span> <span class='ocrx_word' id='word_1_335' title='bbox 1279 2069 1338 2099; x_wconf 90' lang='lat' dir='ltr'><strong>und</strong></span> <span class='ocrx_word' id='word_1_336' title='bbox 1358 2069 1427 2099; x_wconf 81' lang='lat' dir='ltr'><strong>Sas-</strong></span> 
     </span>
     <span class='ocr_line' id='line_1_45' title="bbox 363 2108 987 2154; baseline -0.002 -17"><span class='ocrx_word' id='word_1_337' title='bbox 363 2108 497 2138; x_wconf 80' lang='lat' dir='ltr'><strong>saniden-</strong></span> <span class='ocrx_word' id='word_1_338' title='bbox 485 2109 638 2146; x_wconf 82' lang='lat' dir='ltr'><strong>-Dynastie</strong></span> <span class='ocrx_word' id='word_1_339' title='bbox 658 2109 809 2154; x_wconf 76' lang='lat' dir='ltr'><strong>Leipzig</strong></span> <span class='ocrx_word' id='word_1_340' title='bbox 800 2108 874 2137; x_wconf 84' lang='lat'>1804</span> <span class='ocrx_word' id='word_1_341' title='bbox 892 2117 921 2153; x_wconf 89' lang='lat' dir='ltr'><strong>p.</strong></span> <span class='ocrx_word' id='word_1_342' title='bbox 941 2108 987 2137; x_wconf 87' lang='lat'><strong>67.</strong></span> 
     </span>
     <span class='ocr_line' id='line_1_46' title="bbox 312 2145 1427 2223; baseline 0 -47"><span class='ocrx_word' id='word_1_343' title='bbox 312 2146 455 2214; x_wconf 51' lang='grc' dir='ltr'>νείἓτιιή</span> <span class='ocrx_word' id='word_1_344' title='bbox 461 2146 705 2223; x_wconf 39' lang='lat' dir='ltr'><strong>Aiisp‘agigdarugl.</strong></span> <span class='ocrx_word' id='word_1_345' title='bbox 706 2147 860 2185; x_wconf 75' lang='lat' dir='ltr'><strong>imperium</strong></span> <span class='ocrx_word' id='word_1_346' title='bbox 887 2147 948 2176; x_wconf 89' lang='lat' dir='ltr'><strong>sive</strong></span> <span class='ocrx_word' id='word_1_347' title='bbox 977 2154 1081 2184; x_wconf 84' lang='lat' dir='ltr'><strong>regum</strong></span> <span class='ocrx_word' id='word_1_348' title='bbox 1106 2146 1279 2176; x_wconf 83' lang='lat' dir='ltr'><strong>Parthorum</strong></span> <span class='ocrx_word' id='word_1_349' title='bbox 1302 2145 1427 2176; x_wconf 72' lang='lat' dir='ltr'><strong>historia</strong></span> 
     </span>
     <span class='ocr_line' id='line_1_47' title="bbox 390 2194 484 2214; baseline 0 0"><span class='ocrx_word' id='word_1_350' title='bbox 390 2194 484 2214; x_wconf 82' lang='lat' dir='ltr'><strong>ansus</strong></span> 
     </span>
     <span class='ocr_line' id='line_1_48' title="bbox 269 2194 1221 2261; baseline 0 -9"><span class='ocrx_word' id='word_1_351' title='bbox 269 2220 291 2259; x_wconf 85' lang='lat'><strong>⁴)</strong></span> <span class='ocrx_word' id='word_1_352' title='bbox 312 2223 348 2253; x_wconf 79' lang='lat' dir='ltr'><strong>cf.</strong></span> <span class='ocrx_word' id='word_1_353' title='bbox 368 2223 459 2253; x_wconf 86' lang='lat' dir='ltr'><strong>Ersch</strong></span> <span class='ocrx_word' id='word_1_354' title='bbox 478 2222 537 2252; x_wconf 87' lang='lat' dir='ltr'><strong>und</strong></span> <span class='ocrx_word' id='word_1_355' title='bbox 557 2194 670 2253; x_wconf 88' lang='lat' dir='ltr'><strong>Gruber</strong></span> <span class='ocrx_word' id='word_1_356' title='bbox 689 2223 762 2261; x_wconf 76' lang='lat' dir='ltr'><strong>Aug</strong></span> <span class='ocrx_word' id='word_1_357' title='bbox 761 2232 818 2253; x_wconf 82' lang='lat' dir='ltr'><strong>em.</strong></span> <span class='ocrx_word' id='word_1_358' title='bbox 838 2223 899 2253; x_wconf 86' lang='lat' dir='ltr'><strong>Enc</strong></span> <span class='ocrx_word' id='word_1_359' title='bbox 920 2223 956 2253; x_wconf 92' lang='lat' dir='ltr'><strong>cl.</strong></span> <span class='ocrx_word' id='word_1_360' title='bbox 978 2223 1027 2251; x_wconf 88' lang='lat'><strong>111</strong></span> <span class='ocrx_word' id='word_1_361' title='bbox 1050 2222 1125 2261; x_wconf 75' lang='lat'><strong>121&gt;</strong></span> <span class='ocrx_word' id='word_1_362' title='bbox 1154 2223 1221 2253; x_wconf 87' lang='lat'><strong>386.</strong></span> 
     </span>
     <span class='ocr_line' id='line_1_49' title="bbox 269 2232 1322 2297; baseline -0.001 -6"><span class='ocrx_word' id='word_1_363' title='bbox 269 2259 291 2297; x_wconf 81' lang='lat'><strong>⁵)</strong></span> <span class='ocrx_word' id='word_1_364' title='bbox 313 2261 348 2291; x_wconf 87' lang='lat' dir='ltr'><strong>dc</strong></span> <span class='ocrx_word' id='word_1_365' title='bbox 369 2261 497 2291; x_wconf 85' lang='lat' dir='ltr'><strong>fontibus</strong></span> <span class='ocrx_word' id='word_1_366' title='bbox 517 2263 548 2290; x_wconf 86' lang='lat' dir='ltr'><strong>et</strong></span> <span class='ocrx_word' id='word_1_367' title='bbox 567 2261 741 2292; x_wconf 81' lang='lat' dir='ltr'><strong>auctoritate</strong></span> <span class='ocrx_word' id='word_1_368' title='bbox 740 2233 863 2291; x_wconf 69' lang='lat' dir='ltr'><strong>gDionis</strong></span> <span class='ocrx_word' id='word_1_369' title='bbox 909 2261 978 2291; x_wconf 80' lang='lat' dir='ltr'><strong>assii</strong></span> <span class='ocrx_word' id='word_1_370' title='bbox 997 2232 1128 2290; x_wconf 85' lang='lat' dir='ltr'><strong>Berolini</strong></span> <span class='ocrx_word' id='word_1_371' title='bbox 1147 2261 1230 2291; x_wconf 88' lang='lat'><strong>1835.</strong></span> <span class='ocrx_word' id='word_1_372' title='bbox 1254 2261 1322 2291; x_wconf 83' lang='lat' dir='ltr'><strong>diss.</strong></span> 
     </span>
     <span class='ocr_line' id='line_1_50' title="bbox 267 2298 1426 2336; baseline 0 -7"><span class='ocrx_word' id='word_1_373' title='bbox 267 2298 290 2336; x_wconf 79' lang='lat'><strong>⁶)</strong></span> <span class='ocrx_word' id='word_1_374' title='bbox 311 2299 347 2329; x_wconf 87' lang='lat' dir='ltr'><strong>de</strong></span> <span class='ocrx_word' id='word_1_375' title='bbox 367 2299 496 2330; x_wconf 86' lang='lat' dir='ltr'><strong>fontibus</strong></span> <span class='ocrx_word' id='word_1_376' title='bbox 511 2301 542 2329; x_wconf 87' lang='lat' dir='ltr'><strong>et</strong></span> <span class='ocrx_word' id='word_1_377' title='bbox 554 2300 727 2330; x_wconf 79' lang='lat' dir='ltr'><strong>auctoritate</strong></span> <span class='ocrx_word' id='word_1_378' title='bbox 736 2300 837 2330; x_wconf 85' lang='lat' dir='ltr'><strong>Dionis</strong></span> <span class='ocrx_word' id='word_1_379' title='bbox 849 2298 943 2330; x_wconf 81' lang='lat' dir='ltr'><strong>Cassii</strong></span> <span class='ocrx_word' id='word_1_380' title='bbox 953 2299 1106 2330; x_wconf 81' lang='lat' dir='ltr'><strong>Cocceiani</strong></span> <span class='ocrx_word' id='word_1_381' title='bbox 1119 2299 1237 2330; x_wconf 72' lang='lat' dir='ltr'><strong>Bonnae</strong></span> <span class='ocrx_word' id='word_1_382' title='bbox 1252 2300 1336 2331; x_wconf 83' lang='lat'><strong>1867.</strong></span> <span class='ocrx_word' id='word_1_383' title='bbox 1357 2298 1426 2329; x_wconf 86' lang='lat' dir='ltr'><strong>diss.</strong></span> 
     </span>
     <span class='ocr_line' id='line_1_51' title="bbox 269 2337 1374 2381; baseline 0.002 -12"><span class='ocrx_word' id='word_1_384' title='bbox 269 2337 289 2376; x_wconf 79' lang='lat'><strong>⁷)</strong></span> <span class='ocrx_word' id='word_1_385' title='bbox 310 2339 346 2369; x_wconf 86' lang='lat' dir='ltr'><strong>de</strong></span> <span class='ocrx_word' id='word_1_386' title='bbox 367 2337 553 2378; x_wconf 87' lang='lat' dir='ltr'><strong>scriptoribus</strong></span> <span class='ocrx_word' id='word_1_387' title='bbox 574 2337 645 2370; x_wconf 88' lang='lat' dir='ltr'><strong>belli</strong></span> <span class='ocrx_word' id='word_1_388' title='bbox 663 2338 858 2374; x_wconf 77' lang='lat' dir='ltr'><strong>Mithridatici</strong></span> <span class='ocrx_word' id='word_1_389' title='bbox 878 2339 960 2381; x_wconf 85' lang='lat' dir='ltr'><strong>tertii</strong></span> <span class='ocrx_word' id='word_1_390' title='bbox 980 2337 1083 2378; x_wconf 76' lang='lat' dir='ltr'><strong>Progr.</strong></span> <span class='ocrx_word' id='word_1_391' title='bbox 1103 2338 1231 2371; x_wconf 72' lang='lat' dir='ltr'><strong>Wetzlar</strong></span> <span class='ocrx_word' id='word_1_392' title='bbox 1253 2339 1324 2370; x_wconf 88' lang='lat'>1871</span> <span class='ocrx_word' id='word_1_393' title='bbox 1352 2339 1374 2371; x_wconf 80' lang='lat'><strong>1.</strong></span> 
     </span>
    </p>
   </div>
  </div>
 </body>
</html>
