1604 2528
758 121 801 152 27

169 230 262 263 libris
283 229 469 272 Appianum
500 231 650 264 hausisse
671 227 880 265 Reinhardus
902 230 1055 270 Iordan¹)
1088 230 1249 271 opinatur.
1290 228 1395 268 Atqui

164 280 311 312 Iustinus
332 281 386 311 vel
416 281 587 320 Pompeius
620 281 759 320 Trogus,
792 290 981 319 quamquam
1013 280 1046 311 in
1071 280 1236 320 prioribus
1258 287 1350 318 capp.
1373 277 1393 308 l.

165 328 356 362 XXXVIII
382 329 505 361 animos
531 332 662 361 nostros
690 339 710 360 a
736 329 929 361 Mithridate
956 328 1123 367 alienavit,
1149 331 1258 358 tamen
1284 335 1395 365 proce-

165 377 262 409 dente
282 379 366 410 libro
387 378 497 409 facere
518 386 582 408 non
602 378 757 416 potuerit,
784 377 860 415 quin
888 376 950 407 tali
974 385 1083 406 rerum
1110 378 1278 413 gestarum
1300 383 1395 413 expo-

165 426 282 457 sitione
314 427 505 465 incorrupta
531 425 602 462 fide,
636 425 762 464 qualem
789 425 876 464 apud
896 423 1084 463 Appianum
1109 423 1257 461 legimus,
1284 422 1397 453 addita

162 474 196 504 in
218 474 396 505 orationem
417 474 507 513 regis
529 473 571 503 ad
592 472 820 504 sollicitandas
842 474 957 503 contra
970 471 1136 502 Romanos
1151 471 1304 502 civitates
1318 470 1394 501 huic

161 523 313 555 veritatis
336 522 476 561 aliquam
498 521 636 561 speciem
657 520 882 560 imponendam
902 519 1004 551 fuisse
1026 519 1227 558 cognoverit.
1263 518 1338 558 Qua
1360 518 1393 549 in

161 581 198 602 re
219 571 409 602 facultatem
431 575 465 601 et
491 570 672 600 sollertiam
698 569 869 608 scriptoris
895 569 1000 599 nostri
1027 568 1164 598 laudare
1191 576 1230 598 ac
1254 568 1396 606 probare

162 619 323 656 debemus,
345 628 409 658 qua
430 617 654 649 adversarium
679 626 719 647 ex
747 616 850 656 ipsius
876 616 994 647 iudicio
1017 625 1099 654 quae
1125 615 1216 646 facta
1241 619 1318 646 sunt
1344 624 1396 645 ex-

158 667 334 706 plicantem
359 666 526 697 induxisse
548 665 578 696 ei
598 666 680 696 bene
702 664 888 703 contigerit.
926 664 999 695 Has
1021 659 1130 695 autem
1150 672 1204 694 res
1226 672 1321 702 quam
1341 673 1395 702 pe-

159 715 248 745 nitus
275 714 420 753 Trogum
449 716 584 752 praeter
616 715 743 743 ceteros
774 713 956 751 inspexisse
986 716 1094 752 putas,
1127 721 1220 751 quem
1250 712 1394 751 priorum

159 763 285 801 quidem
307 762 507 793 Mithridatis
528 761 655 800 imperii
676 770 833 792 annorum
853 761 1023 792 historiam
1044 761 1243 800 complexum
1258 770 1330 792 esse
1351 770 1394 791 ex

159 810 280 842 Iustini
304 811 442 850 epitome
468 810 595 842 elucet?
627 810 719 850 Quae
742 810 876 841 subesse
897 809 1050 841 videntur
1072 810 1111 848 ei,
1134 809 1218 849 quod
1241 819 1261 841 a
1282 809 1393 848 Trogo

159 859 227 889 solo
250 860 390 890 orationi
416 859 645 898 interpositum
666 861 726 896 est,
759 858 843 897 quod
869 858 956 897 apud
983 857 1176 889 Sallustium
1206 867 1269 889 non
1297 861 1390 888 extat

158 915 262 945 neque
283 910 398 937 extare
418 909 538 946 potest,
560 915 630 937 cum
651 909 689 937 ut
709 915 821 944 regem
836 915 906 937 cum
920 905 1077 937 Romanis
1098 906 1162 937 iam
1183 915 1393 944 congressum

163 954 365 986 describeret
389 954 451 985 sibi
470 954 647 994 proposuit.
668 953 769 994 Apud
784 954 869 985 hunc
884 954 968 985 enim
982 955 1155 993 agebatur,
1176 963 1251 986 num
1265 954 1392 985 Mithri-

159 1003 254 1035 dates
276 1003 386 1034 multis
407 1002 559 1034 fortunae
581 1003 816 1034 acerbitatibus
838 1002 982 1042 acceptis
1001 1003 1199 1034 Parthorum
1219 1013 1331 1042 regem
1352 1003 1394 1034 ad

163 1051 352 1082 societatem
375 1054 598 1089 commoveret,
621 1060 682 1089 quo
703 1049 823 1081 bellum
849 1051 1033 1082 recollectis
1054 1051 1180 1083 viribus
1202 1052 1241 1082 de
1261 1051 1392 1090 integro

159 1099 352 1130 exoriretur.
394 1099 513 1138 Itaque
544 1102 715 1139 postquam
745 1099 824 1130 belli
856 1099 1015 1138 originem
1046 1099 1193 1131 breviter
1225 1100 1390 1139 astrinxit,

161 1148 315 1186 quomodo
333 1147 438 1178 adhuc
452 1151 580 1186 gestum
595 1148 648 1186 sit,
669 1148 820 1178 narravit
833 1147 882 1178 ita
895 1148 1077 1187 illustrans,
1099 1152 1135 1178 ut
1148 1149 1262 1187 procul
1277 1150 1392 1179 abesse

160 1205 224 1225 non
244 1196 416 1234 potuisset,
439 1196 515 1233 quin
534 1195 678 1226 Part-hos
700 1196 857 1226 societate
879 1199 912 1226 et
932 1196 1063 1227 foedere
1091 1197 1153 1227 sibi
1184 1196 1387 1235 adiungeret.

161 1242 286 1275 Contra
311 1243 457 1283 pericula
478 1246 595 1282 autem,
617 1252 699 1282 quae
720 1243 847 1275 instare
867 1244 941 1283 regi
962 1244 1172 1276 Mithridates
1194 1244 1346 1282 affirmat,
1369 1255 1388 1276 a

161 1292 272 1331 Trogo
293 1291 515 1331 praedicanda
536 1295 608 1322 erat
634 1292 712 1323 belli
733 1292 876 1323 condicio
898 1292 1005 1323 facilis
1027 1296 1061 1323 et
1082 1293 1244 1332 expedita,
1271 1294 1303 1324 in
1326 1303 1389 1332 qua

156 1341 289 1370 nimium
310 1340 515 1379 depingenda
535 1348 599 1369 non
620 1348 776 1378 perquam
798 1340 949 1378 exiguum
971 1342 1058 1379 sapit
1080 1341 1133 1378 (cf.
1151 1350 1219 1379 cap.
1234 1342 1262 1379 4,
1281 1342 1388 1372 5--1o.

158 1389 185 1428 7,
207 1389 225 1419 6
237 1389 318 1426 —8.).

239 1436 303 1475 Qui
325 1437 502 1476 scriptores
524 1440 654 1468 nostros
675 1435 761 1467 inter
784 1446 818 1467 se
839 1440 975 1476 propter
989 1437 1058 1476 hos,
1080 1447 1160 1476 quos
1174 1439 1265 1469 modo
1282 1439 1391 1478 attuli,

161 1486 249 1517 locos
272 1489 401 1517 certare
422 1486 619 1524 praetendit,
646 1484 828 1516 meminerit
849 1485 946 1517 hasce
968 1486 1207 1526 discrepantias
1228 1496 1391 1526 nunquam

158 1543 294 1573 prorsus
316 1535 416 1565 vitari
437 1543 533 1573 posse
555 1535 595 1565 ab
617 1533 783 1571 historico,
806 1534 860 1572 qui
881 1534 1019 1565 alterius
1040 1535 1232 1566 relationem
1253 1545 1317 1566 non
1338 1536 1390 1567 de-

160 1584 315 1621 scribere,
353 1583 410 1613 sed
436 1586 628 1613 convertere
653 1582 688 1613 in
712 1591 781 1613 rem
808 1591 899 1613 suam
936 1582 999 1613 sibi
1028 1584 1245 1622 proposuerit.
1295 1584 1392 1615 Talia

156 1631 238 1662 nihil
249 1631 371 1669 valent,
387 1631 461 1661 dum
473 1633 584 1661 cetera
597 1630 679 1660 mira
694 1630 866 1661 concordia
880 1632 1004 1661 extant.
1029 1631 1122 1669 Quae
1138 1631 1193 1670 qui
1208 1632 1390 1671 neglegens

157 1680 296 1710 alterum
317 1687 357 1708 ex
378 1678 484 1708 altero
505 1687 613 1708 rerum
636 1677 829 1716 scriptorem
856 1677 1006 1709 hausisse
1032 1682 1142 1717 negat,
1169 1680 1329 1710 rationem
1357 1685 1390 1710 et

156 1727 282 1757 modum
304 1735 423 1763 eorum,
447 1725 501 1763 qui
521 1725 678 1755 historias
701 1728 904 1764 componunt,
925 1726 1052 1757 nescire
1073 1727 1238 1765 putandus
1260 1731 1319 1758 est.

236 1775 284 1806 Ut
323 1774 529 1805 summarium
570 1773 758 1804 traditionis
794 1773 1018 1805 Sallustianae
1053 1774 1197 1813 Trogum
1229 1776 1389 1814 praebere

156 1823 318 1862 suspicari
347 1823 455 1860 liceat,
487 1830 524 1852 eo
558 1830 682 1860 quoque
714 1822 911 1860 adducimur,
944 1823 1028 1861 quod
1058 1823 1214 1853 nonnulla
1244 1833 1388 1862 congrua

156 1872 258 1902 verba
292 1880 332 1901 ex
363 1869 510 1901 oratione
542 1869 747 1908 epistulaque
776 1878 941 1908 apponere
972 1878 1156 1909 possumus;
1189 1871 1246 1901 sed
1277 1871 1316 1902 de
1347 1872 1387 1902 iis

156 1920 325 1960 scrupulos
347 1928 396 1950 me
419 1918 588 1950 stimulare
609 1928 648 1950 ac
667 1927 814 1958 pungere
829 1927 892 1949 non
907 1927 1001 1958 neg0,
1023 1927 1063 1950 ne
1077 1918 1156 1950 forti
1170 1920 1274 1958 magis
1290 1929 1384 1959 quam

156 1969 327 2008 scriptoris
350 1969 483 2000 consilio
506 1968 696 1998 debeantur.

231 2036 307 2076 Age
329 2046 406 2068 vero
429 2036 592 2068 conferas:

406 2114 485 2147 Sall.
1054 2116 1056 2118 ’
1105 2129 1110 2134 =
1130 2140 1136 2148 .

188 2166 205 2203 ξ
219 2165 268 2196 13;
285 2164 429 2195 Marcum
441 2164 572 2195 Cottam
584 2188 591 2195 .
608 2189 613 2195 .
631 2188 637 2195 .
653 2164 739 2204 apud
838 2174 863 2196 c.
890 2163 924 2204 4,
949 2166 983 2198 4:
1015 2114 1135 2206 quluztt
1164 2167 1198 2198 in
1228 2164 1387 2208 Bithynia

152 2214 360 2246 Chalcedona
380 2213 450 2244 fudi
471 2216 570 2245 terra.
797 2215 965 2254 Aquilium
980 2219 1014 2247 et
1028 2216 1199 2248 Maltinum
1214 2217 1246 2248 in
1259 2218 1387 2257 Cappa·

798 2265 890 2295 docia
910 2265 1063 2297 fuderint.

230 2321 250 2359 ¹)
272 2321 373 2351 Reinh.
395 2320 500 2350 Iordan
521 2321 556 2351 <le
578 2321 707 2352 fontibus
728 2322 853 2361 Appiani
873 2323 902 2353 in
922 2322 1008 2353 bellis
1022 2323 1231 2354 Mithridaticis
1249 2334 1384 2355 enarran-

153 2361 198 2390 dis
221 2360 380 2399 Gottingae
403 2360 486 2390 1872.
528 2388 533 2392 .
