1604 2528
789 136 831 167 17

196 264 257 294 que
278 256 567 296 cognominavere,
600 258 685 298 quia,
707 259 791 298 quod
811 258 876 290 iam
907 257 1028 289 dictum
1048 256 1121 295 fuit,
1152 256 1262 295 inepte
1293 255 1424 294 repetit,

195 303 450 337 additamentum
475 307 656 347 marginale
687 308 792 340 textui
817 306 994 339 immixtum
1020 308 1150 345 putans,
1177 304 1339 336 infitiatus
1372 307 1424 336 est

0 367 41 398 ἲς,
194 352 363 392 Rupertus
384 356 418 387 in
440 357 534 395 epist.
556 357 618 388 XL
640 357 681 388 ad
701 356 900 388 Reinesium.

3 415 8 417 -
31 417 34 418 ’
274 402 366 442 Quae
392 413 462 435 cum
487 405 535 435 ita
560 405 635 442 sint,
656 404 829 443 Pompeius
851 403 992 442 Trogus,
1019 402 1147 433 etiamsi
1175 404 1252 432 ante
1273 400 1425 432 Sallustii

194 454 329 483 mortem
350 461 421 484 eum
441 453 504 484 iam
525 456 637 484 natum
658 453 759 484 fuisse
781 451 1019 484 concedendum
1040 453 1100 488 est,
1123 449 1292 481 consilium
1313 452 1424 480 tamen

0 495 20 541 {j
195 508 327 538 operum
358 509 486 531 suorum
518 501 808 539 componendorum
836 500 951 530 adulta
976 499 1100 529 demum
1122 501 1233 528 aetate
1256 497 1424 535 aliquanto

0 543 10 552 ‘
194 550 270 586 post
289 548 372 579 inire
398 549 553 587 potuerit,
581 557 675 586 quam
702 547 852 579 Sallustii
881 556 982 586 opera
1009 546 1133 584 scripta
1160 545 1313 583 editaque
1339 547 1426 580 sunt,

194 596 258 628 nisi
278 596 363 628 forte
390 597 553 628 scribendi
580 597 711 629 exordio
740 600 817 629 ante
839 607 867 628 a.
888 597 926 628 43
947 595 1001 628 vel
1021 595 1061 627 42
1081 597 1177 634 capto
1198 610 1238 615 —
1263 593 1314 625 his
1342 594 1427 625 enim

195 645 289 675 annis
309 648 385 683 post
407 644 584 675 Caesarem
614 646 773 677 mortuum
799 646 936 684 primum
964 644 1116 675 Sallustii
1143 651 1232 681 opus.
1261 641 1426 672 Catilinae

195 692 459 730 coniurationem,
496 692 548 729 (cf.
576 691 649 724 Cat.
676 693 704 732 4,
725 693 758 731 2)
785 693 975 732 evulgatum
1002 700 1074 723 esse
1102 699 1142 722 ex
1164 688 1265 720 eiusd.
1287 698 1356 729 cap.
1378 689 1427 726 53,

194 741 213 773 6
235 743 269 773 et
287 740 336 781 54,
364 741 446 772 1—4
477 742 583 773 elucet
614 760 650 764 —
681 751 741 782 per
771 742 888 781 ingens
920 741 1076 781 temporis
1108 739 1249 779 spatium
1279 738 1428 771 historiis

194 789 387 829 Philippicis
406 799 538 830 operam
550 791 756 830 studiumque
777 790 954 823 contulisse
977 789 1192 825 existimatur,
1215 788 1300 827 quod
1313 787 1427 820 verisi-

194 837 269 869 mile
294 847 358 869 non
385 842 443 870 est.
485 838 604 878 Itaque
626 839 756 879 Trogus
784 848 855 870 cum
877 848 904 870 a.
927 839 946 869 9
966 848 996 878 p.
1019 837 1096 869 Chr.
1118 847 1148 869 n.
1170 837 1327 868 historias
1349 845 1426 868 suas

195 886 374 918 absolvisse
405 887 570 927 putandus
602 888 654 924 sit.
687 888 763 927 quin
794 887 945 919 Sallustii
977 887 1129 926 operibus
1160 885 1332 926 perpolitis
1361 885 1427 916 iam

196 937 293 973 atque
315 936 470 967 confectis
491 940 566 975 post
586 946 613 967 a.
636 937 704 974 38¹)
733 945 792 968 sua
818 936 1023 967 conscribere
1049 935 1242 971 instituerit,
1270 934 1423 965 dubitare

195 992 259 1014 non
288 993 468 1023 possumus,
499 986 707 1024 quamobrem
739 985 807 1016 eius
840 993 965 1024 quoque
1002 984 1042 1015 iis
1075 983 1299 1022 scriptoribus,
1346 990 1426 1021 quos

196 1030 346 1064 Sallustii
366 1033 521 1065 librorum
544 1033 707 1065 studiosos
727 1033 829 1065 fuisse
852 1033 1084 1066 contendimus.
1107 1030 1341 1063 annumerandi
1361 1039 1425 1061 non

194 1079 353 1112 immerito
375 1084 572 1121 potestatem
592 1082 758 1113 habemus.

273 1129 473 1170 Magnopere
495 1133 602 1161 autem
635 1133 686 1162 est
711 1130 805 1161 nobis
837 1130 1017 1168 dolendum,
1049 1129 1132 1168 quod
1164 1128 1322 1160 historiae
1353 1127 1424 1158 eius

195 1176 398 1217 Philippicae
418 1188 478 1218 per
506 1179 609 1209 multa
629 1178 792 1210 volumina
817 1178 953 1209 diffusae
979 1178 1055 1209 exili
1080 1177 1300 1209 tantummodo
1327 1179 1425 1215 atque

195 1225 304 1257 ieiuna
314 1227 452 1266 epitome
468 1237 487 1258 a
498 1227 625 1258 Iustino
640 1227 903 1267 circumscriptae
918 1230 1041 1263 extant,
1064 1236 1127 1265 qua
1147 1230 1214 1257 tam
1235 1228 1425 1257 contractae

196 1274 450 1315 decurtataeque
481 1278 558 1306 sunt
590 1284 684 1315 quam
714 1275 897 1307 mutilatae.
939 1274 1044 1314 Quam
1074 1284 1180 1315 pauca
1210 1274 1425 1306 retinuissent

195 1322 315 1354 Iustini
321 1327 488 1363 excerpta.
498 1324 561 1355 iam
573 1327 746 1356 senserunt
752 1324 884 1355 Heeren
892 1323 1148 1363 ²)‚Wolffgarten
1156 1323 1191 1362 ³),
1198 1321 1424 1361 Borchardt⁴)‚

196 1381 330 1410 quorum
350 1373 406 1403 ille
427 1373 478 1403 vir
499 1373 739 1404 illustrissimus
765 1382 884 1411 magna
910 1373 1108 1403 auctoritate
1134 1373 1194 1403 hoc
1215 1372 1319 1403 edidit
1344 1371 1424 1402 iudi-

196 1420 292 1451 cium:
315 1420 424 1453 .Patet
445 1430 485 1452 ex
505 1421 585 1461 ipsis
608 1422 777 1461 scriptoris
792 1421 902 1453 verbis
910 1420 934 1459 ⁵)
958 1430 1029 1452 eum
1044 1430 1107 1452 non
1122 1430 1213 1452 omne
1228 1429 1308 1459 opus
1323 1419 1427 1458 Trogi

195 1468 229 1499 in
244 1469 405 1508 epitomen
419 1469 570 1509 redigere
585 1479 645 1501 nec
659 1470 879 1509 compendium
894 1469 1052 1501 historiae
1067 1470 1241 1501 universae
1256 1468 1425 1507 conficere,

196 1517 254 1548 sed
275 1517 497 1556 anthologiam
517 1518 626 1557 potius
647 1518 835 1549 historicam
857 1527 897 1549 ex
918 1527 1035 1557 magno
1058 1528 1156 1557 opere
1177 1518 1282 1557 Trogi
1311 1518 1426 1548 collec-

196 1568 262 1595 tam
284 1566 436 1596 exhibere
457 1565 619 1596 voluisse.‘
661 1566 755 1596 Modo
777 1567 986 1597 narrationes
1008 1567 1137 1605 copiose
1159 1570 1193 1597 et
1214 1569 1329 1597 ornate
1351 1574 1424 1596 con-

195 1612 277 1643 fecit
297 1613 388 1644 modo
410 1614 558 1644 breviter
579 1614 751 1644 admodum
772 1616 806 1644 et
826 1613 933 1645 ieiune
955 1614 1114 1653 exposuit.

278 1660 394 1700 Aegre
425 1662 528 1700 igitur
566 1662 722 1693 solvenda
758 1665 809 1693 est
841 1663 1003 1701 quaestio,
1041 1672 1104 1702 qua
1138 1662 1266 1693 ratione
1298 1661 1428 1701 Trogus

197 1708 350 1741 Sallustii
377 1710 543 1742 studiosus
569 1711 678 1750 fuerit,
711 1720 779 1742 cum
808 1715 900 1742 certa
926 1711 995 1743 eius
1023 1712 1129 1752 operis
1156 1711 1342 1751 fragmenta
1364 1720 1428 1743 una

274 1838 294 1875 ¹)
316 1838 352 1868 cf.
374 1839 481 1868 Linker
501 1840 519 1868 l.
540 1840 560 1868 1.
581 1849 609 1877 p.
629 1840 675 1870 82.

373 1877 478 1906 Kritzii
497 1878 580 1914 epist.
601 1878 691 1906 critic.
712 1878 749 1907 ud
771 1878 1028 1907 Wuestemannum
1060 1878 1090 1906 in
1120 1878 1209 1908 ciusd.
1230 1878 1299 1907 Sall.
1324 1878 1427 1908 histor.

449 1916 552 1953 fragm.
573 1915 642 1945 edit.
663 1915 742 1953 Lips.
766 1915 838 1945 1853
858 1925 885 1953 p.
905 1915 973 1944 XlV
994 1925 1055 1953 squ.

370 1953 475 1991 Hagen
520 1953 783 1991 Untersuchungen
819 1953 889 1983 iiber
930 1957 1000 1983 rom.
1038 1953 1220 1984 Geschichtc.
1255 1955 1269 1984 1
1300 1954 1428 1985 Catilina

453 1991 640 2029 Kiinigsberg
661 1992 734 2020 1854
753 2002 781 2029 p.
801 1992 827 2020 6.

275 2027 297 2063 ²)
317 2029 347 2057 in
369 2029 446 2058 calce
467 2029 717 2059 commentationis
745 2029 865 2058 alterius
893 2028 928 2057 dc
950 2028 1038 2066 Trogi
1066 2029 1194 2066 Pompeii
1223 2030 1341 2067 eiusque
1368 2031 1427 2068 cpi-

196 2067 346 2096 tomatoris
366 2067 471 2097 Iustini
492 2066 620 2097 sontibus
641 2069 672 2097 et
685 2067 866 2097 auctoritate.
895 2066 1004 2096 Comm.
1019 2077 1080 2104 reg.
1099 2077 1154 2097 soc.
1176 2068 1276 2098 scient.
1291 2069 1425 2107 Gotting.

195 2105 251 2134 vol.
271 2105 324 2134 XV
346 2106 428 2135 1802.
457 2106 549 2144 Quam
569 2106 674 2135 iterum
694 2106 771 2143 typis
791 2115 937 2135 excussam
958 2106 1144 2135 Frotscherus
1165 2107 1298 2136 ed.1ust.
1316 2118 1349 2137 cx
1371 2118 1427 2137 rec.

196 2143 333 2172 Gronovii
352 2145 510 2180 praemisit.
531 2144 610 2180 Lips.
633 2144 715 2172 1827.
736 2144 783 2172 vol
805 2144 818 2172 I
841 2153 866 2180 p.
887 2143 1121 2173 xliv—xcvii.

272 2180 449 2226 ³)J1ilarius
469 2182 531 2211 W.:
561 2182 597 2211 de
617 2181 725 2219 Ephori
756 2184 785 2211 et
811 2182 932 2211 Dinonis
959 2182 1088 2211 historiis
1119 2192 1136 2212 a
1163 2183 1257 2221 Trogo
1289 2184 1427 2222 Pompeio

196 2228 481 2295 ΕΧΡΓῗῖὃιῇὶὲἒἘὲζε
490 2220 750 2303 ξῗῗῃίῗιξεέεῗὲἓιέζ
759 2220 937 2289 lixsffiti'anae
951 2259 1024 2303 diss.⁴
1037 2259 1198 2297 Gryphisw.
1215 2261 1288 2289 1875
1303 2262 1355 2299 p.3
1367 2271 1427 2299 sqq.

272 2296 295 2333 ⁵)
316 2297 351 2326 cf.
371 2298 459 2334 praef.
481 2298 515 2326 4:
550 2300 713 2334 cognitione
745 2306 872 2334 quaeque
904 2298 1075 2335 digniSSima
1102 2299 1228 2332 excerpsi
1257 2302 1289 2328 et
1316 2300 1428 2328 omissis

195 2334 249 2370 his,
273 2344 344 2374 quae
365 2345 417 2365 nec
438 2334 629 2373 cognoscendi
649 2335 798 2373 voluptate
818 2335 943 2365 iucunda
963 2345 1016 2366 nec
1037 2337 1166 2376 exemplo
1194 2339 1278 2368 erant
1298 2347 1427 2369 necessa-

196 2374 248 2410 ria,
268 2374 355 2405 breve
376 2375 468 2404 veluti
489 2374 590 2404 florum
608 2373 807 2412 corpusculum
826 2374 890 2405 feci.
