1604 2528
764 92 805 124 51

161 201 248 234 donii
268 203 447 236 studiosum
461 203 605 243 Trogum
619 205 720 236 fuisse
743 205 895 244 deneges,
917 199 950 235 id
964 204 1081 235 saltem
1096 207 1133 235 ut
1147 202 1392 244 explanaverim

160 251 230 282 fore
253 253 384 292 confido,
406 262 446 283 ne
467 253 537 283 ulla
558 254 685 292 quidem
706 256 799 284 certa
820 262 920 284 causa
940 253 1086 283 Heereni
1112 256 1146 283 et
1173 253 1227 291 qui
1254 262 1390 291 sequun-

161 303 216 330 tur
238 301 431 331 sententiam
451 300 560 331 fulciri
581 310 619 331 ac
640 301 796 332 sustineri
815 300 971 339 potuisse.

236 349 300 380 His
322 349 498 389 disputatis
519 349 559 380 de
579 349 724 381 virorum
746 349 953 388 egregiorum
974 348 1051 379 mihi
1074 348 1248 379 contrariis
1271 348 1392 387 opinio-

159 397 254 428 nibus
277 397 319 428 ad
339 406 452 428 verum
473 397 576 435 Trogi
596 398 717 428 fontem
737 396 1008 435 perscrutandum
1030 396 1098 427 sive
1119 395 1183 426 iam
1203 396 1394 435 indagatum

159 445 296 484 amplius
330 445 564 485 explicandum,
596 445 681 476 unde
712 445 881 484 digressus
913 453 991 482 sum,
1022 444 1129 475 redeo,
1172 444 1330 475 Sallustio
1360 445 1394 475 in

158 493 360 525 Mithridatis
382 493 531 524 oratione
553 493 752 523 conficienda
768 492 914 531 Trogum
935 501 1000 522 non
1021 501 1113 522 usum
1134 492 1226 522 modo
1249 501 1320 523 esse
1336 494 1394 524 sed

157 541 425 580 transscripsisse
446 541 547 572 ferme
567 559 607 562 ——
627 541 676 571 ita
695 549 800 580 paene
822 540 864 571 ad
885 541 1019 571 verbum
1040 541 1143 571 multa
1170 540 1232 571 sibi
1259 550 1391 580 respon-

158 590 237 621 dent
257 607 296 611 —
309 592 442 621 rectene
464 588 621 628 coargui?
649 588 715 621 Sed
736 589 810 620 aliis
831 588 912 620 10015
934 588 1018 627 011οᾶ
1039 588 1082 620 ad
1101 597 1170 620 rem
1191 589 1313 621 attinet
1327 599 1392 621 non

156 638 291 670 multum
317 638 476 669 narrandi
502 640 729 677 argumentum
755 647 772 669 e
794 637 953 669 Sallustio
980 647 1052 669 eum
1083 637 1256 669 sustulisse
1288 639 1393 670 animo

156 690 304 726 prompto
325 687 526 725 proclivique
548 687 712 725 confiteor,
740 696 810 717 cum
836 689 1045 717 narratorum
1072 686 1159 717 ratio
1186 690 1284 725 atque
1314 687 1392 718 ordo

157 736 197 765 ab
229 738 366 774 utroque
397 736 570 766 institutus
601 735 671 766 fere
703 735 844 773 undique
874 735 1054 766 varientur.
1110 735 1151 765 In
1182 736 1280 766 rebus
1312 744 1391 766 vero

155 782 387 813 Mithridaticis
421 783 566 821 Trogum
598 783 750 814 Sallustii
782 783 938 813 historias
974 786 1051 813 ante
1088 783 1198 814 oculos
1234 784 1389 814 habuisse

156 830 249 861 nobis
270 830 444 861 tenendum
466 834 530 869 est,
563 840 654 869 quem
680 831 858 870 pleniorem
887 833 920 861 et
945 830 1125 869 longiorem
1156 831 1278 862 fontem
1298 841 1392 870 prae-

156 880 250 909 terea
267 877 316 908 sit
337 881 477 917 secutus,
500 888 570 910 cum
592 879 786 918 ambigatur,
808 879 994 910 discernere
1015 879 1147 918 longum
1168 884 1227 911 est.
1262 879 1392 919 Trogus

156 926 239 957 0111111
260 935 355 957 unum
377 927 498 959 fontem
519 930 704 959 retractare
727 929 977 967 aspernabatur,
1000 928 1079 959 duos
1101 929 1272 960 consulere
1292 929 1390 960 male-

154 975 224 1013 bat;
248 984 327 1013 quos
349 985 419 1006 cum
440 976 472 1006 in
494 985 591 1006 unum
613 985 729 1014 corpus
751 976 948 1007 confundere
968 986 1032 1007 non
1052 981 1174 1016 posset,
1196 977 1385 1008 alternatim

154 1023 369 1059 exscribebat,
392 1024 444 1062 qui
460 1026 628 1054 auctorum
644 1024 897 1055 adhibendorum
912 1025 1024 1056 modus
1039 1026 1121 1057 satis
1136 1026 1346 1056 confirmatur
1355 1025 1389 1064 ¹).

231 1071 288 1102 Ad
317 1072 407 1102 illam
437 1072 543 1102 nostri
568 1072 679 1102 iudicii
700 1082 863 1110 summam,
895 1076 932 1103 ut
964 1076 1057 1104 certa
1089 1074 1294 1110 decernatur,
1327 1075 1388 1105 hae

154 1128 278 1159 quoque
300 1120 421 1151 ducunt
440 1120 675 1159 reputationes.

231 1168 356 1207 Potest,
383 1171 420 1199 ut
445 1168 605 1208 epistulae
627 1171 661 1199 et
687 1169 845 1201 orationis
867 1173 973 1209 caput,
1002 1170 1085 1208 quod
1112 1179 1209 1201 unum
1237 1174 1297 1209 est,
1326 1174 1383 1202 aut

151 1215 253 1247 fuerit
272 1217 306 1247 111
332 1217 476 1247 fontibus
499 1216 657 1247 Sallustio
679 1217 852 1256 Trogoque
879 1218 1100 1257 superioribus
1122 1222 1180 1249 aut
1207 1220 1247 1250 ab
1275 1220 1379 1250 altero

153 1265 196 1296 sit
217 1265 386 1296 confictum
408 1269 441 1295 et
462 1265 723 1296 commenticium.

229 1313 281 1345 Ac
301 1314 437 1352 primum
459 1314 594 1352 quidem,
621 1323 678 1344 cur
705 1314 824 1353 duplex
850 1314 894 1345 sit
920 1317 954 1345 et
974 1315 1061 1346 ultro
1083 1318 1150 1346 tam
1170 1316 1280 1347 multis
1303 1316 1383 1348 locis

151 1361 315 1393 dissonum
336 1371 430 1400 quam
450 1362 633 1400 impositum
654 1362 688 1393 in
709 1365 856 1400 tempora
876 1362 973 1400 longe
992 1363 1078 1393 inter
1100 1373 1135 1394 se
1156 1364 1323 1402 distantia,
1347 1369 1383 1395 ut

152 1412 327 1447 enotemus,
353 1409 438 1440 alter
460 1410 501 1440 ad
516 1409 619 1448 ipsam
634 1410 808 1441 veritatem
829 1419 901 1441 esse
916 1410 1044 1441 locutus
1065 1412 1118 1442 vel
1134 1415 1223 1443 certe
1237 1413 1384 1452 proxime

150 1466 228 1489 vero
261 1458 414 1496 abfuisse,
447 1458 532 1489 alter
569 1458 673 1489 forma
703 1461 830 1489 mutata
862 1462 1088 1498 argumentum
1124 1461 1386 1492 accommodasse

152 1506 228 1544 suis,
256 1515 338 1544 quae
366 1506 478 1543 tradit,
505 1507 703 1544 temporibus
733 1510 767 1537 et
786 1507 866 1537 locis
888 1508 1122 1539 existimandus
1150 1512 1210 1539 est.
1251 1509 1325 1539 Hoc
1347 1509 1386 1539 (10

150 1552 319 1591 Sallustio,
342 1553 381 1584 de
402 1553 513 1592 Trogo
534 1553 616 1584 illud
637 1553 804 1592 quominus
831 1563 993 1585 sumamus
1021 1556 1251 1588 abstrahimur.
1293 1557 1385 1588 Nihil

149 1601 233 1633 enim
254 1611 335 1642 esse,
358 1602 443 1641 quod
464 1601 641 1634 Sallustius
663 1602 882 1641 transtulerit,
904 1612 996 1635 nemo
1017 1613 1082 1636 non
1103 1605 1236 1646 videbit,
1266 1605 1385 1646 quippe

150 1651 204 1690 0111
225 1652 390 1682 orationes
411 1652 585 1683 rhetoricis
608 1652 806 1683 ornamentis
821 1653 894 1691 plus
911 1662 1023 1691 aequO,
1046 1657 1080 1684 et
1093 1655 1198 1693 magis
1214 1664 1309 1693 quam
1332 1656 1385 1686 ad-

150 1700 212 1730 huc
234 1709 422 1731 concessum
436 1700 480 1731 sit
495 1709 514 1730 a
528 1700 704 1739 plerisque,
724 1701 919 1740 praesertim
935 1702 976 1732 ad
991 1703 1216 1740 cognoscenda
1237 1707 1385 1743 tempora

148 1757 317 1788 moresque
339 1748 500 1780 hominum
522 1751 618 1787 apt-as
643 1748 736 1780 libris
759 1749 825 1780 suis
847 1749 1032 1789 inseruerit,
1054 1750 1237 1790 ubicunque
1258 1753 1384 1784 occasio

150 1798 262 1829 oblata
283 1801 343 1829 est.
384 1797 515 1828 Minime
543 1806 620 1828 vero
652 1806 830 1829 sermonem
856 1798 989 1837 dignum
1016 1798 1067 1829 cui
1094 1799 1256 1839 credatur,
1290 1800 1317 1831 51
1344 1810 1383 1832 ex

151 1847 351 1886 temporibus
373 1846 450 1877 belli
477 1846 573 1885 primi
593 1846 627 1876 in
648 1846 872 1877 Mithridatem
892 1847 1037 1878 inchoati
1058 1848 1098 1878 ab
1120 1848 1245 1879 idoneis
1266 1848 1385 1881 fuisset

147 1895 303 1933 vulgatus
326 1895 551 1934 scriptoribus,
573 1895 703 1926 silentio
726 1896 972 1933 dissimulasset,
995 1904 1056 1933 quo
1077 1896 1111 1926 in
1125 1899 1245 1927 natura
1260 1901 1294 1928 et
1313 1898 1383 1929 vita

147 1942 237 1980 regis
259 1942 473 1973 describenda
494 1942 563 1973 eius
585 1942 749 1981 ingenium
770 1943 959 1981 indolesque
980 1943 1156 1982 praecipue
1180 1944 1312 1984 depingi
1327 1955 1381 1985 po-

147 1993 267 2021 tuerat.
307 1990 419 2029 Atque
447 1991 486 2021 de
507 1990 708 2022 Mithridatis
739 2000 860 2029 genere
887 1994 921 2022 et
945 1991 1132 2029 maioribus,
1167 1995 1235 2023 tum
1267 1994 1382 2032 quibus

145 2039 287 2069 moribus
309 2038 419 2075 fuerit,
440 2038 628 2077 exposuisse
645 2038 835 2069 Sallustium
858 2048 897 2069 ex
913 2038 982 2069 eius
997 2038 1192 2078 fragmentis
1207 2041 1245 2072 II
1258 2042 1298 2073 44
1312 2052 1380 2082 sqq.

145 2090 247 2131 patet.
290 2087 499 2126 Quamquam,
522 2096 592 2118 cum
620 2087 662 2118 ad
687 2096 741 2118 res
762 2090 837 2127 post
858 2097 976 2119 annum
997 2088 1035 2119 78
1056 2091 1172 2128 gestas
1194 2092 1382 2132 accesserit,

225 2214 244 2251 ¹)
267 2214 303 2243 cf.
317 2214 420 2242 incke
442 2213 704 2259 Untersuchungen
718 2213 788 2259 iiber
803 2214 848 2243 die
864 2215 985 2251 Quellen
999 2215 1050 2245 des
1067 2216 1206 2246 Plutarch
1226 2217 1266 2246 im
1281 2217 1380 2248 Nicias

318 2250 865 2323 aadasez-{sffgssfflfflsttff}
879 2254 1007 2323 ἑίἕὲῑοῖἐ·
1015 2254 1143 2323 13131301
1148 2255 1212 2325 8⁷73:
1229 2256 1274 2335 ⁹135·
1288 2294 1335 2328 33·

316 2328 563 2360 Geschwaudtner
582 2339 610 2370 p.
631 2330 648 2359 6
669 2339 730 2370 sqq.
