1604 2528
779 29 822 62 60

181 131 285 172 ipsius
318 135 352 164 et
382 133 485 165 verba
518 136 553 165 et
583 134 727 173 vestigia
753 136 961 173 agnoverunt
985 132 1050 165 viri
1077 132 1175 172 docti,
1207 141 1263 165 eos
1294 141 1421 173 semper
1486 116 1560 172 f*

180 181 340 212 asterisco
362 180 407 219 (*)
430 181 606 220 designem.

259 228 452 268 Respondet
482 231 592 261 autem
623 229 783 262 Sallustio

185 277 288 316 hisce-3
311 285 349 308 ac
369 277 508 317 primum
529 277 656 316 quidem

440 372 520 406 Sall.

185 423 260 455 Cat.
281 423 310 461 3,
335 421 369 454 2:
401 422 538 456 arduum
564 423 696 455 videtur
721 433 776 455 res

223 475 338 511 gestas
359 471 514 504 scribere.

183 520 258 552 Cat.
286 520 333 558 16,
361 520 388 552 3.
426 519 499 560 Iug.
526 521 573 560 14,
602 521 647 553 13.
673 521 721 561 76,
749 521 775 554 1.

223 578 284 608 per
305 569 413 600 otium.

182 617 256 649 Cat.
277 617 306 655 4,
333 616 366 648 2:
400 617 540 657 carptim
566 620 603 649 ut
630 626 776 657 quaeque

224 666 381 699 memoria
392 666 484 706 digni
494 666 693 699 videbantur
703 677 776 708 per-

222 716 376 746 scribere.

185 763 261 803 Iug.
296 764 350 803 85,
389 763 442 795 32:
488 763 603 804 Neque
643 764 776 796 litteras

223 812 372 846 Graecas
394 813 504 846 didici.

185 862 259 894 Cat.
286 863 315 901 4,
344 863 377 894 1:
411 872 475 894 non
509 863 572 894 fuit
606 864 775 895 consilium

224 911 375 942 socordia
396 915 495 950 atque
517 911 643 943 desidia
657 912 774 942 bonum

224 960 325 992 otium
346 963 528 992 conterere.

183 1008 256 1048 Iug.
287 1010 340 1048 88,
373 1010 402 1041 1:
446 1013 618 1049 postquam
653 1010 776 1041 invidia

225 1058 422 1090 decesserat.

814 229 936 261 Iustini
977 229 1117 269 epitome
1148 229 1271 261 verbis
1290 229 1421 261 collatis

1051 325 1224 366 praefatio.

1090 373 1174 406 Iust.

835 423 869 455 2:
891 431 945 455 res
966 426 1081 462 gestas
1101 423 1320 455 scribentibus
1341 431 1422 464 opus

875 473 968 504 suum
994 472 1090 504 ardui
1115 472 1240 504 laboris
1260 472 1423 505 videatur.

835 521 868 553 4:
889 530 948 561 per
969 521 1078 553 otium.
1303 522 1310 528 ”
1405 532 1408 534 ·

837 617 1022 657 cognitione
1054 626 1199 658 quaeque
1231 617 1423 657 dignissima

875 667 1032 708 excerpsi.

836 765 890 804 qui
911 764 1039 797 Graece
1061 764 1260 797 didicissent.

835 864 870 895 5:
893 866 930 895 ut
951 867 985 895 et
1006 864 1065 895 otii
1084 864 1156 903 mei,
1178 863 1270 895 cuius
1291 866 1325 894 et
1340 862 1424 894 Cato

874 911 1074 943 reddendam
1082 921 1214 952 operam
1220 914 1326 951 putat,
1338 911 1425 951 apud

874 963 909 991 te
929 960 1016 992 ratio
1038 963 1215 993 constaret.

836 1010 868 1041 6:
891 1018 962 1041 cum
982 1009 1107 1042 invidia
1128 1009 1316 1041 decesserit.

183 1107 268 1139 unde
290 1109 324 1139 et
344 1105 508 1138 Iustinum
537 1105 642 1146 ipsum
668 1106 757 1138 inter
777 1105 929 1138 Sallustii
955 1105 1119 1138 studiosos
1139 1115 1236 1147 posse
1257 1104 1424 1138 numerari

183 1156 260 1188 mihi
284 1156 411 1195 quidem
433 1155 611 1188 verisimile
633 1156 774 1195 videtur,
796 1164 858 1194 quo
879 1155 981 1186 multo
1003 1154 1168 1187 difficilius
1188 1154 1340 1187 redditur
1362 1154 1425 1186 dis-

185 1204 328 1243 quisitio,
351 1204 467 1244 quibus
489 1204 570 1235 locis
592 1212 609 1235 e
631 1202 791 1235 Sallustio
812 1202 962 1234 hausisse
984 1206 1158 1235 censeatur
1178 1202 1318 1241 Trogus.

186 1329 260 1363 Cat.
282 1330 310 1370 2,
333 1331 365 1362 1:
393 1330 487 1362 initio
509 1339 606 1369 reges
634 1330 721 1368 (nam
742 1330 776 1361 in

224 1380 326 1412 terris
341 1388 457 1411 nomen
471 1379 577 1419 inperi
592 1379 625 1411 id
639 1379 774 1419 primum

224 1429 311 1468 fuit).

186 1476 222 1509 C.
249 1477 278 1516 2,
304 1478 337 1509 6:
379 1477 541 1517 inperium
575 1486 702 1517 semper
737 1478 778 1508 ad

225 1526 271 1557 ad
286 1529 451 1566 optumum
467 1535 622 1565 quemque
639 1535 659 1557 a
673 1526 777 1557 minus

225 1575 309 1606 bono
329 1574 544 1606 transfertur.

187 1623 221 1655 C.
245 1624 273 1660 9.
300 1624 331 1655 1:
353 1623 404 1654 ius
418 1624 600 1663 bonumque
622 1624 709 1663 apud
724 1633 779 1655 eos

227 1682 292 1704 non
312 1672 441 1712 legibus
469 1673 575 1712 magis
602 1682 696 1712 quam
723 1682 779 1704 na-

226 1725 303 1754 tura
323 1721 467 1754 valebat.

186 1770 222 1803 C.
244 1771 272 1807 6.
288 1771 320 1803 1:
335 1770 538 1811 Aborigines
555 1771 624 1803 sine
639 1770 778 1810 legibus.

187 1820 215 1852 Ι.
238 1820 285 1859 18,
297 1820 329 1852 2:
350 1820 393 1851 Ei
405 1830 509 1860 neque
521 1821 664 1852 moribus
676 1830 780 1860 neque

225 1869 301 1908 lege
333 1872 391 1900 aut
432 1869 559 1909 inperio
592 1869 781 1908 cuiusquam

227 1919 439 1957 regebantur.

186 1965 214 1998 Ι.
235 1967 284 2006 41,
300 1966 335 1998 7:
356 1967 540 1999 Paucorum
552 1967 691 1999 arbitrio
702 1967 781 1998 belli

226 2015 374 2055 domique
397 2017 601 2056 agitabatur.

187 2063 223 2097 C.
248 2065 276 2102 2,
305 2064 396 2099 1÷22
427 2066 500 2098 vita.
528 2065 690 2097 hominum
711 2065 781 2096 sine

227 2113 410 2153 cupiditate
425 2114 626 2153 agitabatur,
642 2123 702 2145 sua
717 2114 780 2145 cui-

229 2172 290 2203 que
317 2163 400 2195 satis
431 2163 617 2204 placebant.
658 2162 782 2196 Postea

226 2221 306 2245 vero
327 2229 366 2235 -
394 2212 572 2245 lubidinem
598 2212 784 2245 dominandi

231 2270 380 2295 caussam
406 2261 485 2294 belli
513 2261 647 2301 habere,
674 2270 783 2294 maxu-

1059 1271 1161 1303 Liber
1181 1270 1209 1303 Ι.

837 1338 905 1369 cap.
928 1330 955 1361 1.

837 1378 868 1410 1:
890 1377 1057 1419 Principio
1078 1377 1188 1410 rer-uin
1208 1378 1355 1418 gentium
1369 1386 1426 1409 na-

876 1428 1063 1467 tionumque
1109 1428 1279 1468 imperium
1326 1436 1427 1468 penes

877 1485 974 1515 reges
996 1479 1080 1516 erat,
1107 1485 1187 1515 quos
1207 1485 1272 1508 non
1294 1475 1426 1508 ambitio

878 1525 1057 1564 popularis,
1084 1525 1142 1556 sed
1168 1527 1322 1565 spectata
1340 1524 1428 1556 inter

878 1575 980 1605 bonos
1011 1573 1190 1605 moderatio
1215 1573 1427 1613 provehebat.

840 1623 872 1654 2:
894 1622 1033 1662 populus
1059 1622 1158 1654 nullis
1184 1622 1313 1661 legibus
1338 1624 1428 1653 tene-

880 1672 987 1703 batur.

817 1987 822 1992 -
842 1966 983 1998 arbitria
1008 1965 1190 2005 principum
1215 1973 1275 2005 pro
1300 1965 1430 2004 legibus

881 2018 989 2047 erant.

841 2065 874 2097 3:
909 2064 1010 2096 Fines
1043 2064 1172 2104 imperii
1205 2064 1293 2096 tueri
1326 2063 1431 2102 magis

883 2123 978 2153 quam
998 2112 1129 2153 profore
1150 2122 1218 2144 mos
1241 2115 1322 2145 erat.

1589 1393 1604 1418 ..⁴¹,

1569 1541 1572 1543 Α
1588 1528 1604 1548 ’ζ

1570 1556 1604 1626 2}

1564 1945 1604 1984 ι

1583 2076 1604 2097 i}

1561 2504 1572 2518 1⁴1
1564 2463 1566 2465 ’
1565 2205 1568 2207 ,

1573 2308 1604 2528 Βιιυῢῶᾚὲιόῌώὲὲι.
1589 2288 1604 2302 <..
1574 2210 1604 2281 ιη’ἓὶῖὲ
1586 2162 1604 2204 «1.ss
1582 2101 1604 2150 ,ἷκ-
