1604 2528
780 105 821 136 41

269 210 416 245 Subiecti
436 215 651 256 accusativos,
673 226 756 256 quae
777 221 854 250 sunt
873 218 1072 258 pronomina,
1099 218 1133 249 in
1161 220 1330 249 structura
1351 225 1416 249 acc.

189 268 258 292 cum
279 261 345 301 inf„
377 262 406 294 si
437 272 477 294 ex
507 265 776 298 antecedentibus
806 267 917 298 verbis
947 267 1188 299 excusationem
1213 266 1344 306 habent,
1376 266 1416 297 ab

189 310 336 343 omnibus
367 312 505 343 omnium
536 317 679 345 aetatum
711 315 928 360 scriptoribus
960 315 1155 354 supplendos
1185 314 1326 353 relinqui
1347 315 1418 354 quis

188 360 240 389 est
261 359 315 397 qui
335 361 474 392 nondum
496 362 670 393 didicerit?
692 362 793 394 Cuius
815 364 954 394 subiecti
974 363 1100 402 ellipsis
1115 363 1272 401 exempla,
1293 371 1363 393 cum
1378 372 1418 393 ex

188 404 346 440 Cicerone
367 418 444 441 raro
473 410 714 451 depromantur,
745 412 831 452 apud
857 421 922 450 eos,
955 411 1009 451 qui
1035 414 1286 451 consequuntur,
1316 411 1420 442 multa

188 456 335 497 colligas.
390 457 568 491 Sallustius
601 463 709 492 autem
740 462 854 492 crebro
882 464 917 492 et
941 461 1077 492 liberius
1100 460 1270 492 omittendi
1289 460 1420 491 initium

187 505 287 542 duxit,
309 507 393 546 quod
415 506 488 538 Cat.
511 508 558 544 31,
579 509 607 539 7.
629 509 677 547 40,
698 510 726 540 3.
748 510 796 548 53,
817 510 845 541 3.
866 509 914 548 56,
935 510 963 541 5.
985 510 1058 549 Iug.
1080 509 1128 546 64,
1149 510 1176 540 5.
1199 509 1246 547 76,
1270 509 1296 539 1.
1322 508 1370 545 88,
1390 508 1419 538 5.

188 554 253 591 102,
265 554 293 587 2.
316 555 381 595 107,
401 555 429 587 4.
454 556 565 596 109,1;
588 557 615 589 3.
639 557 699 597 (14,
721 558 739 590 3
760 558 876 598 ,posse‘
898 561 932 590 et
947 559 1011 598 114,
1027 558 1046 590 2
1067 557 1215 596 ,certare‘
1230 556 1420 589 Dietschius

187 613 227 635 ex
248 605 447 636 auctoritate
469 606 537 637 cod.
560 605 700 638 Parisin.
722 616 753 639 n.
776 608 853 639 1576
874 608 908 638 in
923 607 1069 647 ,possem‘
1085 610 1119 639 et
1135 607 1276 646 ,certari‘
1291 609 1420 637 mutans

188 652 357 692 expunxit)
379 652 455 684 hist.
477 653 530 686 IV
549 654 597 693 61,
620 655 671 693 10;
694 655 732 686 17
755 655 848 694 [bis];
870 655 909 687 22
931 656 1013 688 satis
1034 649 1216 694 illustrant,
1239 655 1420 694 quibusac-

187 700 336 740 quiescas
356 701 462 733 velim.
503 702 741 743 Pronominum,
764 714 846 743 quae
868 705 954 744 apud
974 707 1184 744 praeeuntem
1208 704 1336 741 absunt,
1364 711 1420 733 nu-

187 758 309 780 merum
325 749 440 781 Livius
463 751 589 788 quidem
614 752 715 783 multo
741 752 838 783 etiam
865 756 1052 792 exsuperat,
1079 752 1286 783 nihilominus
1312 753 1421 793 tamen

186 796 220 827 in
241 805 321 835 eam,
355 806 449 836 quam
475 798 641 838 hucusque
665 800 797 839 protuli,
829 801 1025 832 sententiam
1046 809 1151 832 nonne
1172 799 1353 838 inclinabis,
1384 802 1421 830 ut

187 844 345 878 Sallustio
376 847 503 879 auctori
534 848 671 880 subiecti
701 849 788 889 apud
809 849 953 889 Trogum
986 849 1174 881 omissiones
1207 858 1332 888 quoque
1363 848 1419 879 im-

186 894 358 933 putemus?
380 894 464 927 Sunt
485 897 568 928 enim
589 907 614 928 c.
636 898 663 935 4,
686 899 717 935 6;
740 899 766 930 7.
788 899 816 937 5,
838 900 872 936 5,
893 899 921 937 7,
945 899 982 930 10
1009 898 1081 936 (se).
1102 899 1130 936 5,
1152 898 1171 929 9
1193 897 1301 936 (eum).
1322 897 1351 934 4,
1373 897 1419 928 16.

186 943 214 983 7,
235 943 254 974 6
276 943 369 983 (eos).
521 958 523 960 ·

264 993 395 1032 Restat,
416 997 454 1025 ut
474 1004 559 1026 nunc
580 996 621 1026 ad
647 995 736 1026 aliud
757 1005 774 1027 e
797 995 948 1027 Sallustii
975 996 1082 1027 studio
1108 995 1284 1027 brevitatis
1312 998 1419 1026 ortum

187 1038 387 1077 proficiscar,
419 1040 453 1070 in
479 1051 540 1080 quo
568 1052 670 1081 aeque
691 1042 835 1081 Trogum
861 1044 962 1074 fuisse
983 1044 1180 1074 imitatorem
1201 1044 1293 1074 nobis
1315 1046 1419 1073 statu-

188 1087 305 1119 endum
325 1088 397 1119 erit.
438 1088 542 1121 Verbi
568 1089 660 1126 ,esse‘
686 1090 806 1122 formas
833 1091 968 1123 omissas
995 1092 1075 1130 dico,
1102 1101 1184 1131 quae
1213 1100 1273 1131 pro
1295 1090 1419 1131 copulis

187 1139 366 1177 usurpatae
387 1146 459 1169 esse
481 1138 652 1177 debebant,
675 1148 757 1178 quae
780 1140 905 1179 quoties
928 1140 994 1171 sint
1015 1140 1196 1172 audiendae
1218 1149 1235 1171 e
1255 1139 1419 1171 Dietschii

188 1187 426 1218 commentariis
458 1187 500 1218 ad
529 1187 602 1227 Iug.
626 1188 672 1226 10,
698 1188 718 1219 2
745 1198 775 1228 p.
802 1189 842 1220 80
863 1199 929 1228 sqq.
939 1190 962 1228 ¹)
997 1190 1058 1228 (ed.
1082 1189 1154 1221 Cat.
1181 1193 1215 1220 et
1234 1189 1307 1227 Iug.
1328 1188 1417 1225 min.)

188 1234 328 1267 dilucide
354 1239 503 1275 apparet,
526 1246 587 1276 quo
609 1237 747 1268 animum
769 1237 953 1269 advertisse
975 1237 1124 1270 sufficiat.
1165 1237 1250 1270 Nam
1272 1236 1418 1276 quamvis

188 1283 374 1315 redundent
388 1285 540 1324 numeris,
560 1285 714 1316 inchoata
727 1286 948 1317 tantummodo
963 1289 997 1318 et
1012 1295 1127 1318 manca
1145 1288 1222 1318 sunt
1235 1285 1419 1323 iudicanda,

192 1332 267 1370 quia
290 1331 466 1364 Catilinam
487 1333 745 1373 Iugurthamque
766 1334 858 1365 modo
879 1335 1068 1374 respiciunt,
1094 1335 1184 1365 nulla
1209 1333 1417 1365 historiarum

189 1379 318 1411 ratione
349 1380 505 1421 habita2),
538 1385 570 1413 et
602 1382 636 1413 in
666 1385 761 1414 notas
798 1392 1003 1414 numerorum
1036 1383 1179 1415 locorum
1212 1382 1418 1414 laudatorum

188 1431 301 1460 errata
330 1430 574 1470 subrepserunt,
607 1440 677 1462 cum
704 1432 873 1463 emendate
903 1441 968 1463 non
999 1432 1065 1463 sint
1090 1431 1284 1470 descriptae.
1325 1430 1420 1470 Quod

190 1477 218 1508 si
239 1476 352 1517 Trogi,
380 1487 472 1517 quem
498 1479 531 1510 in
557 1479 779 1518 grammaticis
804 1480 903 1511 rebus
929 1483 964 1511 et
988 1480 1022 1510 in
1042 1480 1214 1510 verborum
1236 1487 1297 1510 usu
1317 1478 1420 1510 multa

191 1525 349 1557 ascivisse
382 1535 400 1558 e
427 1526 585 1558 Sallustio
616 1536 680 1559 non
709 1528 940 1560 intermisimus
966 1536 1172 1567 cognoscere,
1199 1537 1224 1559 c.
1250 1526 1280 1566 4,
1301 1527 1328 1558 3.
1351 1526 1381 1565 6,
1402 1527 1421 1558 6

190 1574 280 1612 (est).
301 1573 331 1609 4,
351 1575 384 1614 43
410 1576 443 1614 ὃς
465 1576 497 1614 6;
524 1576 557 1610 7:
579 1576 598 1607 8
620 1576 714 1615 [bis];
747 1576 797 1614 11;
821 1576 858 1607 12
881 1576 972 1615 [bis];
1006 1577 1052 1607 16.
1074 1575 1103 1614 5,
1127 1576 1156 1614 1;
1179 1575 1211 1612 2;
1232 1576 1264 1612 5;
1286 1576 1305 1607 6
1328 1575 1418 1614 [bis]:
1447 1615 1451 1617 q

187 1623 219 1660 ὃς
242 1623 274 1661 9;
298 1624 343 1655 10.
366 1622 395 1662 6,
419 1624 448 1662 1;
470 1624 502 1662 2,
524 1623 544 1654 4
571 1623 662 1662 [bis];
691 1624 718 1654 8.
740 1623 770 1661 7,
791 1624 823 1661 2;
845 1624 877 1662 3;
898 1624 931 1660 4:
958 1624 977 1655 6
1003 1626 1187 1663 spectamus
1219 1626 1317 1662 atque
1348 1632 1421 1654 con-

187 1672 391 1712 templamur,
418 1672 494 1712 quin
520 1673 597 1704 item
624 1681 664 1704 ex
689 1672 745 1704 illo
773 1672 929 1704 fluxerint
949 1682 1019 1704 meo
1041 1672 1167 1712 quidem
1189 1672 1307 1704 iudicio
1329 1671 1419 1703 dubi-

187 1721 254 1752 tari
273 1721 394 1760 nequit.

265 1769 318 1800 De
340 1769 454 1808 supino
477 1778 496 1800 a
517 1769 627 1800 verbis
652 1769 802 1800 movendi
826 1769 989 1808 pendente
1016 1769 1150 1807 exposui
1171 1778 1200 1808 p.
1223 1769 1271 1806 29,
1293 1769 1344 1800 cui
1365 1768 1420 1799 ad-

190 1817 267 1849 dere
289 1817 388 1850 liceat
409 1826 491 1857 quae
512 1820 646 1857 praeter
672 1817 840 1848 laudatum
867 1820 982 1848 extant
1008 1817 1168 1857 exempla:
1204 1826 1267 1849 non
1299 1826 1420 1857 expug-

187 1869 309 1906 natum,
331 1867 388 1898 sed
408 1875 593 1906 possessum
615 1869 693 1897 eant
712 1866 740 1905 7,
762 1866 789 1898 7.

268 1915 455 1947 Cavendum
488 1918 549 1953 est,
579 1924 629 1954 ne,
661 1915 841 1954 ubicunque
873 1914 996 1953 aliquid
1021 1915 1210 1953 invenimus,
1243 1915 1327 1953 quod
1348 1914 1419 1946 Sal—

188 1964 287 1996 lustio
310 1972 379 1995 cum
401 1963 619 2002 antiquiorum
641 1972 749 1994 rerum
771 1963 965 2002 scriptorum
985 1972 1074 1994 more
1102 1963 1229 1995 dicendi
1255 1972 1420 1995 commune

268 2145 289 2183 ¹)
319 2145 358 2175 cf.
387 2145 515 2176 eiusdem
541 2145 813 2175 commentationum
835 2145 904 2175 edit.
924 2145 992 2175 mai.
1012 2146 1255 2184 praescriptarum
1285 2156 1349 2184 cap.
1380 2146 1422 2176 IV

188 2193 215 2221 p·
237 2183 429 2259 46²)—ffiinoto
448 2222 513 2259 lug.
535 2221 581 2256 88,
602 2222 628 2250 6.
661 2221 725 2256 113,
747 2222 770 2256 l,
798 2221 849 2250 ubi
875 2222 930 2255 ,sit‘
950 2223 1087 2251 omissum
1108 2224 1161 2257 est,
1188 2225 1219 2251 et
1239 2232 1272 2251 ex
1292 2223 1421 2251 historiis

189 2259 204 2289 1
224 2259 271 2290 23.
292 2260 337 2295 41,
353 2260 379 2289 7.
401 2260 430 2289 11
451 2260 496 2294 23,
508 2260 526 2288 2
542 2260 620 2296 (este.
641 2259 655 2288 I
670 2260 715 2289 23.
729 2259 774 2294 41,
789 2260 821 2295 7;
842 2260 886 2288 13,
907 2260 952 2293 48,
967 2260 993 2289 8.
1009 2261 1039 2290 ΙΙ
1053 2261 1099 2295 96,
1115 2261 1139 2289 1.
1154 2260 1194 2289 lV
1209 2261 1255 2295 61,
1270 2261 1308 2289 20
1322 2261 1422 2297 (sunt).

189 2298 204 2328 1
220 2297 267 2335 48,
283 2299 332 2334 14;
354 2298 388 2327 17
408 2298 498 2335 (sint).
527 2298 569 2327 IV
591 2298 635 2333 61,
650 2298 668 2327 2
689 2297 819 2336 (esseut).
841 2298 856 2327 Ι
875 2298 921 2333 41,
937 2298 986 2333 19;
1007 2298 1058 2333 23,
1079 2298 1124 2328 24.
1145 2299 1190 2334 48,
1213 2299 1262 2333 11;
1292 2299 1340 2333 14;
1370 2299 1421 2333 17;

191 2336 237 2367 19.
257 2337 304 2369 67.
334 2337 366 2367 11
385 2337 431 2374 96,
445 2336 472 2366 4.
486 2336 591 2374 11161,
607 2336 657 2374 14,
671 2336 717 2366 26.
738 2338 774 2367 67
795 2336 848 2368 col.
869 2336 912 2366 IV
930 2345 958 2378 p.
973 2337 1020 2367 87.
1034 2337 1075 2366 IV
1096 2337 1185 2373 61,3;
1203 2337 1252 2372 13;
1269 2337 1302 2366 17
1325 2337 1422 2378 (esse).
