1604 2528
775 96 817 131 43

183 209 314 249 sineret,
347 209 388 242 ad
419 220 556 243 summos
588 212 794 251 pervenisset
820 211 968 249 honores,
995 208 1268 249 locupletissimus
1295 212 1411 240 auctor

182 258 283 290 fuisse
304 268 409 291 nonne
431 259 560 299 potuit?
581 259 804 291 Historiarum
826 268 905 298 opus
920 258 1087 289 Posidonii
1101 258 1140 289 82
1161 267 1316 289 annorum
1339 267 1411 296 spa-

182 306 262 337 tium
283 316 397 347 nempe
424 308 464 338 ab
487 317 515 338 a.
539 307 595 338 146
621 316 723 346 usque
745 307 787 337 ad
808 315 836 337 a.
858 307 896 337 63
922 306 1122 344 complexum
1149 315 1221 336 esse
1241 306 1410 344 probabile

184 355 366 387 arbitratur
393 356 567 388 Heerenus
602 355 635 393 (l.
657 355 678 386 1.
706 357 739 386 et
760 355 799 386 de
821 354 935 385 fontib.
956 353 1044 384 Plut.
1066 363 1096 392 p.
1119 353 1203 391 142);
1236 353 1414 384 Muellerus

184 403 225 433 ad
246 412 362 434 annum
379 404 417 434 96
438 403 594 434 historias
615 402 822 433 descendisse
844 402 1041 431 contendens
1061 401 1199 431 alteram
1219 400 1320 431 fuisse
1341 410 1415 439 par-

183 453 247 481 tem
279 459 364 482 nova
394 451 550 481 librorum
584 450 668 481 serie
700 449 887 480 distinctam
913 457 953 479 ex
979 448 1094 486 fragm.
1115 448 1153 479 40
1175 451 1209 478 et
1228 447 1264 478 41
1289 449 1415 479 statuit.

184 498 444 538 Toepelmannus
454 499 476 537 ¹)
510 498 648 537 denique
679 498 721 528 ad
752 506 869 528 annum
900 497 938 528 67
970 497 1126 528 deductas
1158 505 1230 527 esse
1260 496 1416 527 historias

183 547 350 578 Posidonii
376 548 438 578 sibi
468 547 643 586 persuasit.
686 545 814 585 Quibus
845 546 991 576 omnibus
1023 545 1187 576 Ricardus
1219 544 1415 584 Scheppig²)

184 595 392 626 adversarius
415 595 543 626 exstitit
570 595 659 625 hisce
679 594 804 625 verbis:
827 602 940 632 ,annus
961 602 991 624 u.
1006 593 1065 624 668
1086 594 1150 631 (86)
1173 593 1278 624 Mario
1301 593 1415 623 fatalis

184 646 274 674 certe
297 644 510 682 gravissimus
531 643 594 674 fuit
615 652 674 673 nec
694 652 758 673 non
780 645 877 681 aptus
900 642 941 673 ad
962 641 1057 672 finem
1084 642 1232 673 historiis
1253 642 1416 681 imponen-

185 692 283 729 dum‘;
318 691 441 722 nullum
472 691 557 722 enim
588 700 699 721 eorum
730 700 813 729 quae
845 693 988 721 aetatem
1018 690 1166 722 tulerunt
1199 690 1418 729 fragmentum

184 740 276 770 illum
308 748 426 771 annum
459 740 595 771 excedit.
639 739 744 778 Quam
766 739 947 778 opinionem
967 748 997 778 p.
1019 739 1133 770 27-31
1161 739 1327 778 professus
1347 737 1419 769 fuse

185 788 357 826 stabilivit,
379 792 415 820 ut
435 798 494 829 pro
516 798 597 821 vera
618 791 707 820 certe
730 788 920 827 accipienda
935 788 987 819 sit.
1018 788 1099 820 Eius
1115 788 1310 820 testimoniis
1327 787 1418 819 1113113

185 837 447 876 auctoritateque
468 837 572 869 fretus
594 847 653 876 pro
674 837 883 868 fundamento
905 840 939 867 et
959 846 1049 868 meae
1072 837 1272 876 quaestionis
1300 845 1417 875 ponam

185 893 289 923 neque
312 885 412 916 omnis
433 886 510 925 poni
529 895 625 925 posse
647 894 739 924 nego.
779 884 903 924 Quodsi
917 894 994 916 vero
1016 886 1187 916 terminum
1207 885 1419 915 historiarum

186 933 227 964 ad
248 942 276 964 a.
292 933 329 963 86
352 934 544 972 perductum
564 937 653 964 recte
675 943 733 964 1103
755 933 864 964 docuit
879 933 1104 972 Scheppigius‚
1126 934 1167 965 ad
1181 934 1327 965 Heereni
1348 942 1418 964 sen-

185 982 322 1012 tentiam
344 981 489 1020 Trogum
510 991 550 1012 ex
570 981 745 1012 Posidonio
773 991 833 1013 sua
858 982 1007 1013 hausisse
1037 983 1200 1013 censentis
1221 991 1285 1013 non
1305 991 1417 1021 possu-

184 1038 254 1060 mus
275 1039 338 1060 non
360 1030 523 1063 accedere,
555 1029 630 1067 quia
655 1029 857 1060 Mithridatis
884 1030 1043 1060 celebrem
1071 1030 1112 1060 ad
1140 1031 1316 1061 exercitum
1345 1039 1416 1060 ora-

184 1077 304 1108 tionem
325 1087 364 1108 ex
385 1077 495 1116 Trogo
527 1077 690 1116 integram
722 1078 907 1115 exhibitam,
940 1087 1009 1108 cum
1042 1077 1083 1107 ad
1115 1085 1217 1108 annos
1246 1078 1284 1108 88
1305 1078 1358 1109 vel
1379 1078 1417 1109 87

184 1127 359 1164 pertineat,
385 1135 402 1156 e
423 1125 590 1156 Posidonii
612 1134 708 1164 opere
734 1126 870 1165 petitam
898 1134 970 1156 esse
992 1134 1056 1156 non
1078 1125 1147 1156 sine
1168 1126 1413 1165 probabilitatis

186 1175 292 1214 specie
315 1174 445 1205 dixeris.
486 1173 536 1205 At
566 1174 647 1205 haec
678 1184 868 1214 quamquam
894 1174 943 1205 ita
964 1183 998 1205 38
1025 1174 1156 1213 habent,
1184 1184 1224 1205 ne
1250 1175 1318 1206 tale
1341 1175 1417 1214 quid

186 1232 347 1254 sumamus
368 1223 479 1254 multis
505 1223 695 1261 impedimur
722 1223 839 1262 causis,
866 1223 1062 1262 praesertim
1083 1233 1153 1254 cum
1175 1224 1324 1262 graviter
1345 1234 1414 1255 cor-

185 1275 330 1308 ruerent,
361 1280 442 1310 quae
465 1280 564 1310 supra
595 1271 698 1301 statui
730 1272 928 1309 ostendique.
971 1271 1065 1302 Haec
1096 1272 1183 1302 inter
1215 1282 1249 1303 se
1280 1272 1417 1303 maxime

186 1320 352 1350 contraria
373 1322 410 1350 ut
429 1322 523 1350 iuxta
545 1322 779 1358 componantur
807 1322 840 1350 et
867 1319 1071 1355 conveniant,
1105 1320 1260 1358 quomodo
1287 1320 1416 1352 efficere

185 1368 330 1408 poteris?
363 1368 457 1406 Quod
471 1367 542 1398 fieri
563 1376 646 1406 nego
669 1368 830 1406 epistulae
846 1367 1069 1398 Sallustianae
1083 1368 1243 1399 rationem
1264 1369 1415 1407 reddens,

186 1426 247 1455 quo
269 1416 504 1447 familiaritatis
525 1415 663 1453 vinculo,
691 1425 784 1453 quam
807 1419 881 1446 arta
907 1415 1148 1446 necessitudine
1171 1425 1241 1446 cum
1263 1417 1410 1448 oratione

186 1465 401 1503 contineatur,
434 1464 515 1495 satis
541 1464 651 1494 multis
680 1463 834 1502 exemplis
866 1466 1036 1502 postquam
1069 1472 1169 1502 supra
1200 1465 1417 1502 cognovimus.

187 1513 228 1544 In
249 1513 318 1551 tali,
342 1522 433 1551 quem
455 1512 497 1542 ad
518 1512 627 1542 oculos
649 1512 881 1548 demonstravi,
902 1511 989 1542 inter
1011 1511 1204 1543 Sallustium
1226 1516 1259 1543 et
1273 1512 1416 1553 Trogum

186 1571 344 1592 consensu
365 1571 429 1592 non
452 1564 519 1592 tam
540 1559 737 1592 locutionum
759 1570 854 1599 quam
875 1562 1112 1593 sententiarum
1127 1572 1230 1594 nexus
1244 1563 1303 1594 hos
1319 1563 1418 1602 scrip-

187 1614 276 1641 tores
298 1610 385 1641 inter
407 1619 478 1641 sese
501 1610 593 1648 quasi
614 1609 808 1648 cognatione
835 1619 908 1641 esse
935 1610 1122 1642 coniunctos
1149 1611 1254 1649 magis
1282 1611 1420 1642 inclinor

185 1663 223 1690 ut
244 1660 443 1697 contendam,
467 1668 560 1697 quam
576 1661 611 1689 ut
632 1667 649 1689 e
664 1658 849 1695 Posidonio,
871 1668 963 1697 quem
980 1659 1089 1698 Trogo
1112 1660 1153 1690 ad
1174 1669 1301 1691 manum
1317 1660 1417 1691 fuerit

187 1718 287 1739 necne
312 1708 465 1739 Heereno
494 1707 561 1738 solo
589 1707 743 1746 opinante
764 1707 962 1746 ignoramus,
990 1708 1169 1739 orationem
1196 1709 1421 1740 adumbratam

187 1767 258 1788 esse
281 1761 315 1788 et
335 1756 468 1788 fluxisse
490 1756 627 1787 credam.
669 1756 740 1787 Iam
761 1765 849 1793 vero,
878 1765 948 1787 cum
978 1756 1027 1787 ita
1047 1765 1100 1787 res
1123 1756 1175 1795 sit,
1197 1756 1339 1788 fortasse
1361 1757 1422 1788 tibi

186 1806 328 1837 videaris
350 1815 414 1836 non
436 1805 505 1836 sine
534 1814 634 1836 causa
656 1805 816 1844 suspicari
842 1805 941 1836 etiam
963 1804 1155 1836 Sallustium
1182 1814 1273 1836 suam
1299 1806 1420 1846 epistu-

186 1855 250 1885 lam
273 1864 312 1885 ex
333 1854 509 1885 Posidonio
532 1854 749 1893 composuisse
760 1853 794 1892 ³),
817 1863 833 1884 e
857 1862 920 1892 qua
946 1853 1061 1884 deinde
1083 1853 1213 1892 Trogus
1241 1855 1421 1885 orationem

187 1902 411 1942 desumpserit.
455 1902 520 1933 Sed
547 1912 588 1933 118
610 1902 681 1941 (11113
702 1903 763 1933 1108
784 1902 817 1932 111
839 1911 983 1941 campum
1006 1902 1134 1941 educat,
1156 1903 1272 1943 qnippe
1294 1912 1365 1934 cum
1387 1903 1421 1934 in

189 1951 341 1982 Sallustii
373 1952 618 1982 narrationibus
649 1951 924 1989 historiarumque
955 1951 1104 1990 reliquiis
1136 1952 1227 1982 nulla
1254 1952 1422 1983 Posidonii

186 2001 319 2039 eiusque
342 2001 449 2039 operis
471 2000 530 2030 fiat
550 2000 670 2031 mentio
693 2003 726 2030 et
739 2000 829 2031 illum
851 2000 935 2030 hunc
957 2000 1159 2031 convertisse
1173 2001 1206 2031 in
1220 2010 1313 2031 usum
1329 2010 1421 2032 suum

185 2057 225 2079 ne
246 2052 395 2088 putemus
417 2048 580 2079 Linkerus
602 2051 767 2088 repugnat
787 2048 820 2079 in
842 2047 1111 2079 commentatione
1132 2049 1418 2088 praestantissima

265 2186 285 2224 ¹)
298 2185 407 2215 Paulus
414 2186 609 2225 Toepehnann
616 2185 650 2216 de
662 2186 814 2217 Posidonio
825 2185 937 2217 Rhodio
950 2196 1046 2217 rerum
1060 2186 1197 2226 scriptore
1209 2187 1326 2219 Bonnae
1338 2185 1421 2219 1867.

247 2227 285 2263 -'-')
306 2224 373 2255 diss.
396 2225 431 2255 de
451 2225 604 2255 Posidonio
624 2225 780 2263 Apamensi
800 2236 904 2263 rerum,
935 2226 1075 2264 gentium,
1108 2221 1252 2258 teristrum
1282 2228 1421 2265 scriptore

185 2266 268 2297 Halis
290 2263 392 2294 Saxon.
415 2264 498 2294 1869.
525 2289 528 2291 .

263 2306 285 2345 ²³)
306 2302 341 2331 ln
361 2311 479 2332 numero
510 2305 659 2333 auctorum
688 2303 873 2334 historiarum
904 2304 1090 2334 Posidonium
1120 2305 1223 2336 retulit
1253 2305 1306 2336 Th.
1328 2304 1421 2344 Vogel

186 2346 206 2375 1.
226 2345 245 2375 1.
267 2355 296 2385 p,
319 2341 353 2371 17
374 2343 404 2372 et
425 2341 594 2373 Gerlachius
613 2342 643 2373 in
664 2342 735 2374 edit.
