1604 2528
157 247 194 281 O.
227 248 280 287 23,
312 248 344 280 3:
396 248 594 279 consuetudo
645 250 741 278 vetus

192 297 306 337 stupri.

153 395 182 426 h.
203 394 256 428 IV
276 395 325 431 61,
345 395 378 426 ὗε
400 395 474 426 dum
491 403 511 425 a
531 391 742 430 Carthagini·

192 444 324 475 ensibus
344 443 584 483 premebantur.

14 471 59 512 '3⁷⁷7
77 487 79 489 ¹
96 524 98 526 ,
119 489 121 491 ’
154 491 190 525 C.
212 493 239 529 1,
253 493 281 524 5.
296 492 324 531 2,
339 493 366 523 3.
383 492 431 530 53,
448 492 479 522 1:
494 491 618 522 virtute
633 489 740 521 animi.

152 541 180 573 I.
201 542 250 581 89,
275 541 303 572 3.
332 540 380 579 92,
401 540 434 572 ⁴1:
469 539 608 578 adgredi
642 538 740 569 aliam

151 600 233 629 rem;
255 590 387 621 maiora.

151 639 180 672 I.
200 640 249 676 38.
270 640 298 670 5.
319 639 366 677 53,
389 639 415 669 1.
436 638 484 677 75,
498 638 525 669 7.
547 638 594 677 89,
609 637 636 668 5.
651 636 698 675 92,
712 637 740 668 7.

151 688 182 720 h.
204 688 222 719 I
243 688 291 726 41,
314 687 360 719 12.
385 688 433 718 46.
455 687 513 718 III
537 687 584 718 41.
611 686 671 717 inc.
694 686 741 717 25.

151 784 180 816 I.
199 785 247 822 66,
268 784 301 816 2:
321 784 456 824 fatigati
477 784 652 824 subplieiis.

151 834 181 866 h.
203 833 241 865 II
262 834 309 867 96.
330 834 363 865 4:
384 834 496 865 hostes
517 833 670 865 submovi.

151 882 181 914 h.
204 882 222 914 I
245 883 316 915 100:
339 892 471 914 numero
492 885 676 922 praestans.

152 931 188 963 C.
210 932 258 969 60,
279 932 313 963 δε
344 941 464 963 memor
489 931 620 970 generis
641 934 740 970 atque

189 980 350 1020 pristinae
372 989 450 1012 suae
472 979 645 1019 dignitatis
667 988 739 1011 con-

189 1029 321 1061 foditur.

152 1077 187 1111 G.
219 1079 266 1118 61,
292 1078 324 1111 2:
357 1088 450 1118 quem
481 1079 615 1118 quisque
645 1078 739 1110 vivus

190 1128 365 1168 pugnando
386 1128 489 1160 locum
505 1131 647 1167 ceperat,
669 1136 740 1159 eum

190 1177 311 1210 amissa
325 1177 433 1209 anima
447 1186 582 1217 corpore
594 1177 738 1216 tegebat.

152 1226 187 1259 O.
210 1227 258 1265 61,
283 1227 319 1259 3:
349 1229 459 1258 tamen
493 1226 641 1258 advorsis
674 1225 739 1257 vol-

190 1275 323 1307 neribus
345 1275 563 1307 conciderant.

150 1372 178 1406 Ι.
199 1374 246 1413 66,
268 1373 300 1405 3:
322 1373 409 1405 inter
430 1373 553 1413 epulas.

150 1422 177 1455 I.
199 1423 247 1460 85,
268 1423 302 1454 9:
336 1423 370 1454 in
403 1422 624 1462 potestatibus
658 1424 736 1453 tem-

188 1480 316 1512 perare.

150 1520 178 1553 1.
199 1520 247 1556 98.
268 1521 302 1552 6:
323 1520 444 1552 laetari
463 1536 503 1541 -—
523 1520 682 1551 exultare.

152 1570 182 1602 h.
204 1570 223 1602 Ι
248 1570 296 1608 41,
324 1571 357 1602 5:
390 1579 469 1609 quos
499 1569 632 1601 fortuna
662 1568 740 1601 belli

190 1622 443 1659 consumpserat.

149 1669 179 1702 h.
201 1668 221 1701 I
240 1668 292 1701 39:
313 1669 348 1700 in
368 1677 505 1708 regnum
526 1667 742 1700 restituentis.

152 1767 181 1800 h.
204 1767 262 1799 ΙΙΙ
283 1767 336 1799 33:
358 1766 469 1799 Isauri
490 1766 610 1798 domiti.

80 1890 91 1898 ,
153 1865 189 1899 O.
211 1867 239 1907 7,
260 1866 293 1898 2;
314 1866 448 1906 regibus
471 1865 699 1906 suspectiores.

154 1964 190 1998 C.
201 1964 249 2005 33,
260 1964 293 1997 2:
308 1964 482 1997 novissime
492 1964 513 2001 ¹)
527 1963 666 1996 solutum
679 1966 738 1995 est.

10 2059 48 2076 ’δ”
152 2063 180 2095 1.
201 2063 250 2102 43,
270 2063 302 2094 3:
323 2063 541 2094 iustrumenta
560 2062 705 2093 militiae.

154 2111 190 2145 O.
213 2112 260 2152 10,
280 2112 312 2146 5:
340 2111 430 2144 aliud
451 2112 595 2144 clausum
615 2111 649 2143 in
668 2120 741 2151 pec-

170 2191 178 2197 .
192 2165 281 2201 tore,
290 2162 379 2194 aliud
391 2162 425 2203 in
436 2162 549 2202 lingua
560 2164 743 2202 promptum

192 2205 330 2251 habere,
364 2210 525 2244 amicitias
558 2210 743 2243 inimicitias

193 2269 258 2293 non
288 2269 328 2293 ex
358 2270 395 2293 re
427 2263 478 2293 set
508 2269 548 2293 ex
582 2260 743 2292 commodo

193 2313 388 2343 aestumare.

800 207 869 237 cap.
891 198 918 229 6.

800 247 833 277 6:
856 246 898 276 ad
919 246 1024 284 stupri
1046 244 1318 278 consuetudinem.

1010 304 1093 335 liber
1114 304 1174 336 IX.

802 353 871 383 cap.
893 343 920 374 2.

803 394 834 423 1:
857 401 927 423 cum
948 392 1034 423 bello
1055 396 1267 432 premeretur.

801 490 833 522 6:
855 490 978 522 virtute
1000 490 1106 522 animi.

802 539 852 571 10:
873 539 962 570 bella
982 540 1185 578 adgreditur.

802 637 854 669 15:
875 638 1002 678 pecoris
1014 647 1133 677 magna
1153 638 1213 670 vis.
1234 638 1306 670 XII
1320 638 1348 678 9,
1362 639 1390 670 8.

802 745 868 775 cap.
892 736 919 766 3.

801 785 833 816 6:
854 784 1074 824 legationibus
1099 785 1244 824 fatigant
1264 785 1390 818 hostem

841 834 1101 866 submovendum.

800 883 832 914 9:
853 891 986 914 numero
1007 886 1226 924 praestarent.
1326 924 1328 926 Ι

802 931 851 962 1οι
882 940 946 962 non
973 935 1081 963 tamen
1107 933 1298 963 inmemores
1323 927 1388 972 pri-

839 979 945 1012 stinae
970 980 1097 1020 gloriae
1131 980 1289 1020 cecidere;
1332 981 1387 1013 ad-

837 1025 943 1061 versis
964 1030 1154 1062 vulneribus
1176 1039 1284 1062 omnes
1305 1030 1388 1069 loca,

838 1088 920 1118 quae
946 1079 1067 1110 tuenda
1092 1088 1112 1110 a
1137 1079 1272 1111 ducibus
1298 1089 1387 1111 acee-

838 1131 966 1167 perant,
992 1128 1166 1160 morientes
1198 1129 1388 1169 corporibus

838 1180 1001 1209 texerunt.

767 1321 770 1324 ⁴
801 1333 869 1364 cap.
891 1324 918 1356 4.

800 1374 832 1405 1:
853 1373 941 1405 inter
962 1373 1085 1413 epulas.

799 1422 831 1453 3:
863 1422 950 1454 inter
980 1423 1140 1454 laetitiam
1175 1426 1209 1454 et
1247 1423 1390 1454 dolorem

837 1471 1033 1510 temperavit
1055 1487 1089 1492 -

800 1520 975 1552 exultasse.

800 1569 833 1601 4:
854 1569 940 1601 bello
963 1573 1222 1610 consumptorum
1244 1579 1391 1611 corpora.

803 1667 836 1699 8:
856 1667 890 1699 in
911 1668 1054 1708 patriam
1074 1668 1222 1701 restituit

803 1726 872 1757 cap.
893 1718 921 1749 5.

802 1766 832 1798 7:
856 1766 1048 1798 domitarum
1070 1767 1223 1805 gentium.

802 1824 871 1856 cap.
892 1815 920 1847 6.

799 1865 832 1897 4:
854 1865 973 1897 nemini
994 1868 1173 1905 suspectus.

803 1924 872 1954 cap.
893 1914 921 1945 7.

801 1964 853 1996 13:
874 1963 1047 1995 novissime
1069 1962 1281 1995 consecravit.

802 2012 818 2031 '¹‘
841 2022 910 2053 cap.
932 2013 959 2045 8.

801 2062 832 2094 5:
854 2062 1071 2094 instrumenta
1092 2061 1258 2094 bellorum.

802 2162 833 2194 8:
850 2161 1000 2201 adloquio
1013 2161 1067 2201 qui
1078 2161 1175 2202 plura
1185 2162 1392 2202 promitteret

843 2219 937 2251 quam
969 2214 1167 2251 praestaret.
1200 2228 1239 2233 -
1272 2210 1393 2243 Amici-

843 2260 908 2293 tias
924 2260 1079 2297 utilitate.
1100 2269 1164 2292 non
1178 2260 1240 2293 fide
1255 2260 1393 2293 colebat.

233 2399 254 2440 ¹)
273 2399 313 2432 Et
326 2398 399 2431 Cato
413 2401 444 2431 et
458 2399 611 2431 Sallustius
625 2397 712 2430 verbo
724 2398 781 2430 isto
795 2398 895 2430 usitati
910 2400 985 2430 sunt.
1000 2397 1076 2429 Gell.
1092 2400 1169 2429 noct.
1184 2399 1246 2429 Att.
1260 2397 1287 2429 X
1301 2398 1346 2436 21,
1364 2398 1391 2430 2.

1181 2448 1219 2481 10
