1604 2528
184 397 300 443 (1146,
320 404 353 435 2:
380 404 495 435 anxius
523 406 597 434 erat
622 402 776 433 dubitans

129 494 133 495 ⁷
153 491 156 494 ⁴
223 452 259 488 in
282 461 430 490 maxumo
457 449 614 483 scelere.
637 475 643 482 .
666 475 672 482 .
700 450 777 490 quid

117 496 132 523 Ἴ
148 511 166 547 jg
188 502 312 539 {infacto
332 511 414 542 epus
433 503 536 539 esset;
557 508 695 540 poenam
714 523 720 530 .
741 524 748 531 .
769 524 776 531 .

209 550 288 583 'sibi
318 550 425 589 oneri,
459 549 675 588 inpunitatem
704 557 777 588 per-

225 598 353 631 dundae
375 623 382 630 .
404 623 411 630 .
433 623 439 630 .
461 598 532 629 fore
553 597 716 629 credebat.

143 664 146 667 ⁴
185 647 304 680 hsinc.
332 647 404 678 101:
438 647 537 678 rebus
568 655 669 685 supra
699 649 777 677 vota

223 695 408 729 fluentibus.
436 725 438 727 .

119 771 149 787 ς’
186 793 346 851 (1423.
367 802 504 834 regnum
520 792 681 826 Corneliis
702 802 775 834 por-

139 899 161 913 -.
185 843 380 934 G.t‹41{;di3.1.
395 894 466 933 7‚1:
488 896 657 934 promptus
669 902 773 925 manu.

117 1051 123 1053 “
183 1041 214 1074 11.
235 1041 254 1074 Ι
276 1042 327 1073 1οε
349 1042 508 1075 dissidere
529 1042 616 1073 inter
637 1050 681 1073 se.

126 1170 139 1175 -
183 1139 211 1173 Ι.
234 1140 301 1178 106,
321 1140 355 1173 6:
381 1149 488 1180 neque
510 1139 615 1172 scelus
636 1120 774 1171 inultum

223 1190 476 1229 relinquendum.

184 1288 212 1320 Ι.
240 1289 286 1327 19,
310 1289 324 1320 1
365 1288 583 1320 multitudinis
609 1287 692 1320 domi
717 1287 773 1319 mi-

223 1338 371 1369 nuendae
392 1338 504 1377 gratia
523 1354 562 1359 —-
577 1337 659 1369 alias
680 1337 772 1369 urbis

256 1411 263 1419 .
286 1411 292 1418 .
315 1386 496 1418 condidere.

93 1488 106 1500 ·’·
128 1470 132 1474 ⁸
184 1483 281 1522 Ο.40
284 1485 336 1523 ,1:
357 1472 438 1524 gens
458 1484 588 1516 Gallica
607 1484 772 1516 bellicosa.

132 1541 153 1549 ⁴·
182 1533 211 1566 Ι.
233 1534 279 1569 14
251 1533 351 1565 422:
372 1534 433 1565 tibi
453 1534 624 1565 inmaturo.

183 1632 210 1664 Ι;
233 1632 280 1667 48,
294 1633 324 1663 1:
348 1632 446 1664 animi
457 1632 662 1672 popularium
676 1635 776 1672 temp-

32 1684 120 1716 τεεεε
275 1681 297 1713 i.

105 1750 109 1754 -
187 1684 293 1769 affligi,
314 1731 341 1762 9.
370 1730 397 1762 Ι.
423 1730 470 1773 92.-
497 1731 528 1762 3:
555 1730 645 1762 luctu
672 1731 777 1762 omnia

222 1780 386 1819 compleri.

125 1858 138 1900 f
184 1877 212 1909 Ι.
233 1878 281 1916 82,
302 1878 334 1909 3:
355 1878 420 1909 iam
439 1881 538 1917 parta
559 1878 707 1909 victoria.

126 2009 129 2011 .
185 1975 213 2008 Ι.
234 1975 282 2015 92,
302 1976 334 2008 4:
362 1976 459 2008 aliam
484 1986 550 2007 rem
574 1976 774 2016 adgreditur.

184 2061 213 2106 Ι.
234 2074 282 2112 60,
303 2073 335 2104 2:
357 2074 515 2113 strepitus
536 2083 706 2105 armorum.

122 2243 141 2269 3
185 2218 216 2252 h.
237 2220 276 2253 ΙΙ
302 2220 350 2257 23,
370 2221 404 2252 2:
436 2220 477 2252 ad
502 2229 633 2252 coenam
659 2220 776 2252 invita-

202 2302 204 2304 ,
227 2273 353 2302 verant.

164 2352 219 2401 ΖΙ,
236 2363 294 2406 84,
325 2368 358 2401 2:
391 2368 561 2409 postulare
595 2368 778 2408 legionibus

182 2417 190 2462 J
226 2418 492 2463 subplementum.

833 206 866 238 3:
887 205 939 237 vis
958 204 1072 237 morbi,

820 255 866 287 7:
888 263 971 287 uxor
992 255 1033 286 ab
1055 263 1136 294 agro
1157 253 1380 287 divelleretur.

804 391 811 394 ν
835 363 904 394 cap.
926 353 955 386 3.

834 404 866 435 6:
889 403 1004 433 anxius
1025 404 1093 433 tam
1116 402 1266 440 ambiguo
1279 401 1425 440 periculo

874 452 1083 489 incertusque
1115 450 1191 489 quid
1221 452 1339 489 ageret
1359 474 1366 481 .
1388 474 1395 481 .
1418 474 1424 481 .

874 500 1091 540 periculosum
1141 500 1315 531 videbatur
1361 508 1425 531 non

874 549 1037 587 traiicere,
1059 548 1274 588 periculosius
1295 573 1302 579 .
1320 573 1327 580 .
1344 573 1350 580 .
1372 548 1425 580 de-

875 599 1002 630 ducere.

836 647 887 679 12:
907 648 1006 678 rebus
1028 656 1128 686 supra
1148 649 1227 678 vota
1240 646 1425 678 fluentibus.

835 746 1025 835 gilpressnum
1045 794 1164 827 infanti
1184 794 1344 835 portendi.

834 895 885 926 11:
906 904 1002 927 manu
1022 897 1213 935 promptum.

1008 944 1092 976 liber
1113 943 1240 976 XXIV.

833 1003 902 1033 cap.
926 994 951 1025 1.

833 1043 864 1074 1:
886 1042 1117 1074 dissidentibus
1138 1042 1225 1074 inter
1246 1051 1290 1074 se.

833 1093 849 1109 *
871 1101 940 1131 cap.
961 1092 989 1123 3.

834 1141 884 1173 10:
910 1150 970 1173 nec
995 1140 1102 1172 inulta
1127 1140 1254 1173 scelera
1278 1139 1420 1172 fuerunt.

834 1249 904 1280 cap.
921 1240 952 1275 ,4.

833 1290 864 1321 l:
896 1289 1076 1321 abundanti
1111 1288 1318 1320 multitudine
1352 1296 1424 1320 cum

872 1348 927 1371 eos
960 1348 1024 1370 non
1056 1340 1213 1378 caperent
1244 1341 1354 1369 terrae
1384 1354 1422 1359 —

872 1388 914 1420 ad
952 1388 1046 1420 sedes
1079 1396 1183 1419 novas
1219 1386 1422 1426 quaerendas

870 1437 1037 1469 miserunt.

833 1486 866 1518 4:
888 1486 979 1518 Galli
999 1504 1037 1508 —
1058 1495 1140 1525 gens
1160 1485 1325 1517 bellicosa.

835 1536 886 1567 11:
906 1535 1062 1566 inmaturi
1082 1535 1218 1571 iuvenis,

836 1594 904 1625 cap.
927 1585 954 1616 5.
978 1584 1007 1623 (*
1028 1585 1149 1622 8—11.)

836 1635 867 1665 1:
906 1635 947 1665 ad
983 1634 1190 1673 temptandos
1215 1633 1425 1665 Macedonum

875 1683 1007 1714 animos.

835 1732 868 1763 8:
889 1732 978 1764 luctu
1000 1733 1106 1764 omnia
1126 1732 1303 1772 replentur.

836 1841 905 1870 cap.
927 1831 954 1862 6.
977 1831 1008 1868 (*
1029 1831 1153 1868 G—fin.)

837 1880 868 1910 1:
889 1882 988 1918 parta
1008 1879 1155 1910 victoria.
1177 1878 1276 1910 XXV
1296 1878 1324 1916 2,
1346 1879 1392 1910 11.

835 1938 904 1968 cap.
926 1928 953 1959 7.

836 1978 867 2009 1:
888 1987 956 2008 rem
977 1977 1223 2016 adgrederetur.

836 2026 852 2044 *
874 2036 942 2065 cap.
964 2027 991 2058 8.

834 2075 866 2107 G:
888 2075 1061 2117 strepitum
1083 2084 1254 2107 armorum.

1024 2124 1108 2155 liber
1129 2124 1236 2158 XXV.

836 2181 905 2211 cap.
928 2173 954 2203 1.

835 2221 868 2252 5:
891 2221 932 2252 ad
953 2230 1065 2252 cenam
1085 2222 1248 2254 invitavit.

839 2320 1151 2409 (iazpsuzplementum
1177 2369 1313 2401 militum
1334 2369 1426 2410 petit.
