1604 2528
785 135 826 165 31

193 248 286 287 quasi
306 251 404 288 atque
424 258 527 288 grave
549 248 689 280 accessit
713 247 933 279 testimonium
954 245 1099 285 Trogum
1125 255 1165 276 ex
1191 244 1301 283 Crispi
1320 243 1421 275 histo-

191 296 250 328 riis
271 297 429 328 hausisse.

273 345 359 378 Tota
380 345 527 386 quaestio
549 344 769 377 Sallustiusne
790 344 862 376 fons
882 343 992 382 fuerit,
1023 351 1093 374 cum
1119 350 1183 372 non
1203 340 1422 381 praedicetur,

191 394 225 426 in
257 403 413 434 suspenso
445 404 545 434 prope
577 396 651 425 erat
680 393 903 432 relinquenda,
934 391 998 423 nisi
1029 390 1188 422 confessio
1219 389 1279 422 illa
1300 398 1423 420 omnem

191 443 285 475 nobis
308 443 543 475 dubitationem
563 442 789 482 praecidisset.

273 490 477 523 Sententiam
497 500 598 522 meam
621 490 650 521 si
677 490 748 529 quis
779 489 935 521 concedet
957 505 991 509 —-
1015 490 1049 519 et
1079 496 1163 518 nunc
1195 487 1315 518 debent
1345 495 1424 517 sane

192 549 300 570 omnes
331 540 507 571 concedere
527 555 575 575 -—‚
597 538 631 568 id
657 547 782 576 quoque
803 546 926 567 mecum
952 538 1088 573 statuet,
1114 534 1316 565 Mithridatis
1338 534 1425 572 apud

192 586 336 626 Trogum
357 587 546 624 orationem,
568 586 652 624 quod
673 585 794 616 attinet
808 585 850 615 ad
863 593 917 615 res
932 583 1174 622 grammaticas,
1196 591 1266 613 cum
1281 582 1425 613 eiusdem

192 635 279 675 apud
307 634 501 666 Sallustium
533 633 676 673 epistula
705 642 770 664 non
795 632 887 664 modo
915 631 1101 669 cohaerere,
1133 630 1191 661 sed
1222 629 1320 661 etiam
1351 639 1424 661 con-

195 692 323 722 gruere.
366 681 538 721 Obliquam
559 681 745 720 Pompeium
761 680 906 720 Trogum
928 679 1107 710 orationem
1122 678 1311 718 exposuisse
1331 679 1424 710 nobis

193 731 320 766 dicitur,
353 731 436 769 quod
468 730 635 761 contiones
667 730 811 761 directas
838 738 858 759 a
880 728 1038 759 Sallustio
1071 727 1161 766 operi
1193 736 1250 758 suo
1281 727 1424 759 insertas

191 779 351 810 historiae
372 778 498 809 modum
525 777 719 809 excedentes
748 786 813 808 non
840 776 1083 817 approbaverit.
1124 775 1173 806 At
1199 775 1314 815 oratio,
1342 785 1424 815 quae

191 836 250 867 per
284 830 440 866 quattuor
471 828 581 867 capita
610 836 674 858 non
704 827 819 858 brevia
850 827 1008 866 decurrit,
1041 827 1130 858 ultra
1160 826 1287 857 modum
1317 834 1424 856 nonne

193 876 384 914 egreditur?
407 876 501 914 Quod
522 876 667 914 exemplo
690 875 892 906 Sallustiano
914 885 986 906 esse
1007 876 1151 906 elicitum
1172 875 1248 913 quid
1269 877 1321 904 est
1340 874 1424 911 quod

195 923 374 961 negemus?
394 922 512 954 Adiice
533 926 650 959 autem,
673 923 757 961 quod
777 923 844 960 ille,
865 923 916 953 cui
937 923 1099 961 obliquam
1119 925 1223 953 totam
1244 921 1423 952 orationem

196 979 386 1010 componere
407 970 540 1010 placuit,
566 971 729 1002 immemor
750 970 813 1002 fuit
838 970 1006 1010 propositi.
1054 969 1246 1002 Sententiae
1273 969 1357 1001 enim
1383 969 1422 1001 de

192 1019 343 1050 Sallustii
362 1020 513 1057 Liviique
534 1020 660 1050 dicendi
680 1029 801 1058 genere
827 1020 884 1050 illo
911 1029 951 1050 ne
976 1023 1009 1050 te
1037 1019 1163 1057 quidem
1189 1018 1346 1049 assentiri
1371 1021 1422 1048 est

191 1067 268 1097 mihi
297 1076 496 1105 persuasum.
547 1067 665 1105 Itaque
702 1068 794 1106 quasi
815 1067 981 1098 molestias
1004 1067 1161 1097 orationis
1194 1066 1359 1104 obliquae,
1393 1065 1421 1095 si

191 1115 319 1154 longius
342 1116 538 1154 extenditur,
560 1116 670 1147 statim
692 1116 761 1156 ipse
776 1116 1001 1148 demonstrare
1016 1115 1106 1154 velit,
1128 1115 1258 1155 saepius
1273 1117 1420 1154 coeptam

192 1165 464 1196 constructionem
491 1165 639 1204 neglegit
663 1166 863 1196 transeundo
891 1165 932 1196 ad
963 1165 1142 1196 orationem
1174 1164 1332 1195 directam
1362 1163 1420 1199 ita,

192 1216 228 1243 ut
248 1213 458 1251 indicativum
479 1223 538 1252 pro
560 1213 764 1244 coniunctivo
785 1214 818 1244 in
840 1214 1083 1244 enumeratione
1099 1212 1293 1244 secundaria
1308 1214 1419 1250 ponat,

191 1270 417 1300 nonnunquam
446 1261 543 1292 etiam
570 1271 741 1301 personam
767 1262 903 1301 primam
928 1271 987 1301 pro
1014 1261 1116 1292 tertia
1141 1261 1295 1292 exhibeat
1321 1263 1419 1298 atque

191 1310 381 1349 pronomina
402 1311 525 1349 primae
547 1314 581 1342 et
601 1310 722 1341 tertiae
747 1320 907 1349 personae
934 1311 1020 1341 inter
1047 1321 1082 1341 se
1108 1310 1313 1350 permutem.
1356 1309 1420 1348 Qui

148 1384 152 1387 .
193 1358 291 1388 aliter
312 1357 466 1398 Trogum,
490 1360 573 1398 quod
595 1360 635 1390 ab
663 1359 736 1390 aliis
757 1359 957 1398 postulabat,
983 1363 1020 1390 ut
1046 1360 1210 1390 orationes
1237 1358 1421 1389 scriberent

192 1406 349 1445 obliquas,
370 1407 403 1438 id
423 1407 527 1447 ipsum
548 1408 636 1439 iusta
657 1408 785 1439 ratione
805 1411 978 1446 praestare
998 1417 1062 1438 non
1088 1408 1234 1447 potuisse
1260 1406 1352 1437 nobis
1373 1406 1419 1436 in-

191 1455 411 1494 tellegendum
432 1459 492 1495 est,
515 1466 608 1496 quam
631 1458 671 1487 ad
686 1457 788 1487 verba
803 1456 954 1487 Sallustii
969 1457 1098 1488 nimium
1115 1466 1186 1488 sese
1202 1455 1420 1495 applicavisse

191 1503 348 1542 multique
374 1503 475 1535 fuisse
501 1505 639 1539 laboris,
672 1514 754 1543 quae
780 1504 814 1534 in
836 1506 941 1536 animo
964 1506 1056 1543 quasi
1077 1505 1243 1544 insculpta
1267 1504 1421 1539 habebat,

192 1561 300 1583 eorum
322 1553 507 1584 memoriam
528 1553 667 1584 tollere?

271 1600 342 1631 Iam
363 1610 440 1632 vero
463 1602 685 1640 quaestionem
706 1602 900 1639 institutam,
927 1611 1000 1633 num
1029 1602 1143 1640 oratio,
1171 1611 1265 1641 quam
1292 1601 1423 1640 Trogus

191 1650 353 1688 praebuit,
374 1659 414 1680 ne
436 1650 540 1680 dicam
561 1659 706 1689 prorsus,
733 1651 791 1681 sed
810 1651 968 1690 imprimis
995 1654 1084 1681 certe
1107 1650 1257 1681 Sallustii
1283 1650 1422 1680 auctori-

192 1697 255 1728 tati
278 1698 447 1736 debeatur,
470 1707 538 1728 cum
561 1707 598 1728 eo
624 1699 814 1737 pervenisse
836 1699 988 1736 arbitrer,
1015 1702 1052 1729 ut
1081 1701 1205 1729 cert-um
1227 1698 1349 1736 aliquid
1371 1698 1422 1729 de-

194 1746 283 1777 cerni
304 1746 458 1785 potuerit,
479 1755 721 1785 persequamur,
750 1756 842 1786 qnae,
865 1756 1054 1785 quamquam
1077 1750 1111 1777 et
1134 1747 1170 1778 in
1197 1746 1307 1778 verbis
1333 1750 1367 1777 et
1392 1746 1424 1777 in

192 1795 290 1825 rebus
311 1803 431 1833 magna
452 1796 545 1825 extat
565 1794 651 1825 inter
673 1794 815 1833 Trogum
838 1798 872 1826 et
894 1793 1085 1826 Sallustium
1108 1794 1292 1833 similitudo,
1313 1798 1423 1825 tamen

193 1843 360 1881 quominus
389 1844 430 1874 ad
456 1843 649 1874 Sallustium
676 1844 745 1874 sine
770 1844 838 1873 ulla
863 1844 1066 1874 dubitatione
1092 1843 1271 1874 referamus
1301 1843 1423 1873 multae

191 1899 245 1921 res
267 1899 331 1921 non
352 1894 416 1922 tam
441 1892 574 1922 obstant
595 1900 689 1929 quam
716 1891 942 1930 dehortantur,
973 1901 1014 1921 ne
1042 1894 1230 1929 captatores
1257 1900 1321 1921 non
1348 1900 1420 1921 con-

192 1939 400 1977 iecturarum,
424 1939 481 1970 sed
501 1948 661 1977 nugarum
683 1948 754 1970 esse
775 1939 951 1970 videamur.
999 1939 1108 1970 Nihilo
1133 1939 1236 1969 minus
1261 1938 1423 1969 allaturus

193 1995 262 2017 sum
283 1987 371 2017 locos
393 1987 451 2017 hos
474 1987 647 2017 sententiis
668 1987 841 2025 verbisque
869 1996 1026 2017 consonos
1054 1989 1088 2017 et
1113 1989 1339 2025 congruentes,
1367 1987 1422 2017 du-

192 2034 301 2065 bitans
323 2043 364 2065 an
386 2034 428 2065 ad
448 2043 546 2065 unum
567 2044 676 2065 omnes
697 2038 764 2065 tam
790 2035 872 2066 levis
900 2035 966 2066 sint
991 2035 1152 2073 momenti,
1185 2038 1222 2065 ut
1252 2043 1292 2065 ne
1318 2034 1422 2065 dicam

192 2083 264 2114 fieri
284 2092 348 2114 non
368 2083 524 2123 potuisse,
557 2093 635 2115 sane
662 2084 838 2115 verisimile
865 2093 929 2114 non
956 2084 1010 2122 sit,
1042 2083 1118 2122 quin
1144 2084 1236 2115 modo
1258 2084 1309 2115 hic
1330 2084 1422 2114 modo

191 2131 259 2162 illic
281 2131 410 2170 Trogus
433 2131 585 2163 Sallustii
605 2132 748 2171 vestigia
768 2132 936 2171 presserit.

270 2180 322 2211 De
343 2180 404 2212 hac
425 2180 512 2212 inter
533 2190 588 2212 eos
610 2181 782 2212 concordia
803 2180 842 2212 cf.

273 2325 293 2366 ¹)
313 2326 360 2356 Sic
381 2326 545 2358 Fridericus
565 2327 685 2357 Fischer
705 2327 725 2357 1.
745 2327 765 2357 1.
785 2336 812 2365 p.
834 2327 880 2357 62.
