1604 2528
27 169 78 227 3³⁴3.
170 184 198 225 Ῐ.
219 193 268 233 89,
286 193 320 226 5:
340 195 482 226 moribus
503 194 667 227 incultum.

170 340 201 372 11.
222 340 276 374 IV
294 342 342 378 61,
369 342 426 382 15,:
453 342 589 373 suberat
617 348 755 379 regnum

208 389 295 429 bello
315 389 482 421 intactum.

170 437 200 472 h.
222 437 260 469 11
271 438 320 478 96,
332 438 365 470 4:
387 439 428 470 ab
441 438 585 478 Alpibus
600 436 756 469 submovi.

169 485 198 518 Ι.
220 487 286 524 106,
307 487 339 518 3;
361 486 451 526 turpi
471 486 560 525 fuga.

169 534 200 567 h.
221 535 261 566 ΙΙ
280 535 328 574 96,
348 535 382 567 6:
413 535 478 567 dux
508 543 579 566 eum
610 534 757 566 exercitu

210 583 320 616 deleti.

171 632 199 665 I.
209 632 258 672 31,
270 632 322 664 17:
332 632 436 664 maius
448 632 587 665 dedecus
599 636 651 665 est
659 636 759 673 parta
771 667 777 671 ,

210 681 362 714 amittere
373 690 468 721 quam
483 682 609 714 omnino
623 691 689 714 non
701 691 758 723 pa-

210 730 347 762 ravisse.

172 778 209 810 O.
225 778 272 818 12,
283 779 311 810 4.
335 779 380 818 15,
392 779 420 810 2.
434 779 462 811 I.
475 779 521 818 14,
532 779 560 811 7.
579 779 609 811 h.
621 779 640 811 Ι
651 780 758 819 41,22.

171 876 200 908 1.
221 876 269 913 50.
290 877 322 908 5:
345 880 422 908 ante
442 877 506 908 iam
528 877 615 909 docti
636 879 686 910 ab.

171 925 202 957 h.
213 925 232 957 Ι
242 926 347 962 48.10:
361 926 570 965 exspectatis,
581 927 654 958 dum
667 936 757 959 exer-

211 974 278 1006 citu
301 992 334 996 —
357 975 514 1007 invadat?

171 1024 201 1056 h.
224 1023 242 1055 I
263 1024 295 1056 8:
318 1023 429 1056 Gallia
448 1025 638 1064 perdomita.

173 1219 209 1251 C.
230 1219 278 1258 20,
299 1219 331 1251 7:
363 1229 489 1259 semper
514 1221 580 1251 illis
601 1230 698 1259 reges
721 1238 756 1242 —

211 1268 392 1307 vectigales
413 1277 495 1299 esse.

173 1366 204 1411 h.
225 1365 284 1397 ΙΙΙ
313 1366 365 1397 49:
399 1366 503 1405 campi
533 1366 758 1406 Themiscyrii,

213 1423 292 1453 qnos
329 1414 474 1446 habuere
504 1414 702 1454 Amazones,
739 1425 759 1447 a

213 1462 319 1495 Tanai
338 1462 467 1495 flumine
488 1463 666 1503 digressae.

174 1607 201 1640 I.
222 1607 270 1648 21,
290 1608 323 1640 2:
345 1618 436 1640 arma
457 1610 622 1642 sumentis.

175 1705 212 1737 G.
232 1706 261 1744 7,
283 1707 314 1738 1:
335 1707 505 1746 augendae
519 1708 570 1739 rei
588 1709 748 1747 publicae.

175 1754 211 1786 O.
232 1754 281 1794 40,
294 1755 322 1787 6.
344 1755 372 1787 I.
392 1756 441 1795 47,
455 1756 482 1787 4.
503 1756 551 1794 73,
566 1756 593 1788 2.

174 1803 202 1835 I.
224 1803 272 1842 18,
295 1804 346 1835 12;
368 1804 506 1843 gloriam
527 1805 590 1837 sibi
611 1805 741 1838 addere.

175 1851 212 1884 O.
233 1852 281 1891 51,
301 1852 353 1884 28:
379 1861 448 1884 rem
468 1853 630 1893 publicam
651 1864 761 1887 eorum

214 1904 407 1933 tractarent.

174 1949 202 1981 I.
224 1949 271 1988 91,
292 1949 326 1982 4:
346 1950 428 1982 nihil
442 1951 561 1983 hostile
575 1953 759 1985 metuentis.

175 1997 212 2030 O.
236 1998 282 2036 10,
306 1999 337 2030 1:
362 2000 424 2034 ,ubi
454 2018 492 2021 —
523 2010 620 2040 reges
650 2002 760 2041 magni

214 2047 336 2086 domiti,
357 2065 392 2069 —
416 2052 533 2080 cuncta
553 2050 720 2088 patebant.

174 2145 203 2177 Ι.
222 2145 271 2184 41,
294 2145 344 2177 10:
366 2145 525 2177 dissensio
547 2146 635 2178 oriri.

174 2291 202 2322 I.
223 2291 252 2330 5,
273 2292 305 2323 1:
326 2292 422 2324 varia
441 2293 582 2324 victoria
601 2293 672 2324 fuit.

174 2338 212 2372 Ο.
231 2339 281 2380 45,
294 2339 326 2373 2:
344 2340 442 2373 sicuti
454 2344 666 2383 praeceptum
680 2345 763 2375 erat.

817 194 871 226 14:
898 193 1003 225 cultos
1029 201 1136 223 mores
1161 192 1304 224 incultae
1329 193 1403 223 bar.-

855 241 978 274 bariae.
1132 251 1151 257 μ

816 299 886 333 cap.
907 290 935 322 3.

816 340 848 371 1:
889 340 930 370 ab
971 338 1078 370 alieno
1118 338 1254 378 imperio
1287 337 1406 369 intacti

855 396 1013 419 mansere.

816 437 849 478 2:
872 437 913 468 ab
935 436 1072 476 Scythia
1093 436 1335 467 submoverunt.

817 485 908 525 turpi
927 485 1015 525 fuga.

817 535 850 566 3:
868 534 980 566 ducem
997 543 1068 566 cum
1084 533 1185 573 copiis
1202 533 1404 565 deleverunt.

816 633 849 665 7:
869 633 952 664 nihil
975 642 1106 672 parare,
1138 626 1223 672 quod
1254 631 1406 663 amittere

857 682 1002 714 timeant.

818 779 901 813 nihil
920 783 1055 820 praeter
1077 797 1111 801 —
1135 779 1334 819 concupisco.

819 879 852 910 9:
863 879 927 910 iam
938 881 1015 910 ante
1022 896 1050 900 —
1057 879 1097 909 ab
1104 895 1140 899 ——
1149 878 1307 909 certiores
1318 877 1406 908 facti.

820 928 870 960 13:
882 937 946 959 non
958 930 1216 967 exspectaturos,
1231 926 1305 958 dum
1317 926 1359 957 ad
1370 934 1405 956 se

856 977 1018 1009 veniatur.

818 1027 869 1059 15:
890 1026 1006 1058 Asiam
1026 1025 1247 1065 perdomitam.

858 1076 903 1112 13,
912 1076 939 1106 3.
965 1074 1063 1106 XXX
1084 1074 1111 1109 4,
1133 1071 1159 1105 6.
1182 1073 1280 1105 XXX
1298 1073 1317 1104 Ι
1333 1074 1361 1112 8,
1377 1073 1404 1104 3.

856 1123 1028 1155 XXXVII
1047 1123 1075 1161 3,
1096 1122 1123 1153 2.
1164 1122 1281 1154 XLIV
1300 1121 1329 1160 5,
1351 1122 1378 1153 8.

856 1171 898 1205 cf.
920 1172 947 1211 I,
966 1173 994 1204 5.

819 1222 871 1252 17:
891 1222 942 1252 his
963 1221 1048 1254 Asia
1068 1229 1127 1259 per
1142 1229 1244 1251 annos
1258 1219 1404 1258 vectiga-

856 1270 898 1301 lis
918 1269 990 1301 fuit.

818 1319 835 1337 *
856 1328 927 1359 cap.
945 1318 975 1350 4.

818 1369 850 1400 1:
870 1368 1005 1400 iuvenes
1021 1368 1164 1399 —iuxta
1179 1375 1303 1398 amnem
1316 1365 1402 1397 The-

856 1417 1009 1456 modonta
1034 1416 1250 1448 consederunt
1281 1414 1406 1446 subiec-

856 1470 973 1505 tosque
1005 1464 1247 1505 Themiscyrios
1276 1473 1406 1503 campos

859 1524 1060 1555 occupavere
1082 1539 1089 1546 .
1110 1539 1117 1545 .
1140 1539 1148 1546 .
1175 1514 1282 1545 dictae
1307 1512 1407 1544 Ama-

858 1573 967 1595 zones.

819 1613 852 1644 4:
874 1621 965 1643 arma
985 1614 1093 1643 suunt.

860 1661 878 1700 ἓ
899 1660 946 1693 22.

820 1716 853 1746 6:
873 1724 942 1746 rem
961 1715 1123 1754 publicam
1144 1723 1276 1753 angere.

822 1762 873 1794 15:
894 1762 1020 1794 domum
1042 1762 1218 1793 dimittunt.

823 1813 874 1844 18:
895 1816 1022 1845 tantum
1043 1813 1189 1845 additum
1210 1810 1345 1851 gloriae.

820 1860 872 1891 20:
892 1860 1096 1892 Amazonum
1141 1868 1246 1898 regna
1286 1860 1408 1889 tracta-

859 1909 948 1939 bant.

821 1955 873 1987 21:
894 1955 975 1997 nihil
996 1955 1115 1987 hostile
1135 1957 1300 1987 metuente

822 2004 874 2035 26:
902 2004 1028 2035 frustra
1059 2007 1093 2035 et
1116 2003 1216 2034 Ponti
1247 2002 1350 2034 sinum
1375 2005 1410 2032 et

859 2051 976 2083 Asiam
997 2051 1169 2082 edomitam
1184 2060 1256 2082 esse
1271 2049 1359 2088 dicit,
1380 2049 1409 2081 si

860 2098 1061 2131 Graecorum
1075 2099 1199 2139 rapinis
1220 2102 1367 2138 pateant.

819 2148 873 2179 29:
894 2147 1095 2178 dissensione
1117 2151 1200 2177 orta.

859 2193 898 2226 II
919 2194 967 2231 12.
988 2194 1035 2226 18.

820 2253 890 2284 cap.
911 2243 939 2275 5.

821 2294 854 2325 4:
874 2294 971 2325 varia
990 2294 1130 2325 victoria
1149 2294 1276 2325 fuisset.

823 2341 857 2375 5:
878 2342 963 2375 sicut
982 2344 1193 2384 praeceptum
1214 2344 1296 2374 erat.
