1604 2528
785 13 828 44 52

183 128 362 165 propterea
383 126 518 158 tertium
540 126 645 158 solum
666 126 787 158 bellum
801 125 1058 158 Mithridaticum
1074 125 1237 165 retulerit,
1259 135 1330 157 cum
1356 125 1426 158 eius

184 173 288 206 initiis
310 174 406 205 simul
427 183 534 206 mores
555 174 645 214 regis
668 183 706 206 ac
727 174 846 214 prioris
860 173 951 206 vitae
966 173 1056 205 facta
1069 182 1134 205 non
1149 174 1345 206 adumbrare
1359 182 1424 206 non

185 222 303 262 potuit.
327 222 389 254 Cui
410 223 480 254 loco
504 223 695 259 orationem,
728 232 811 262 quae
831 221 987 254 bellaturi
1001 222 1091 262 regis
1105 222 1276 262 postulata
1288 222 1426 255 maxime

185 271 313 309 quidem
339 271 436 301 utilia
461 270 532 301 fore
553 270 630 308 illis,
658 279 679 301 a
705 271 821 308 quibus
843 271 1034 302 societatem
1055 270 1273 309 auxiliumque
1299 275 1426 310 petant,

185 319 235 349 sin
256 318 372 355 minus,
394 318 511 349 saltem
532 327 596 349 non
617 317 802 357 perniciosa
823 318 1025 349 demonstret
1045 335 1084 338 —
1105 327 1146 349 ea
1167 318 1251 349 enim
1271 320 1324 349 est
1344 325 1426 349 com-

183 367 287 398 munis
309 366 413 406 Trogi
435 367 594 398 orationis
614 365 830 406 Sallustiique
852 367 1014 407 epistulae
1035 367 1121 398 ratio
1142 383 1177 388 —
1201 367 1332 399 annecti
1346 376 1426 407 opus

185 415 247 446 fuit
269 417 303 446 et
324 418 425 453 certe,
447 416 475 446 si
497 424 560 454 qua
581 415 699 446 fuisset
721 415 834 453 allata,
857 415 1084 446 admiscuisset
1105 418 1138 446 et
1158 414 1348 446 Sallustius.

275 462 342 495 Sed
373 471 414 494 ne
446 463 578 494 nimium
611 462 819 494 contendisse
849 462 975 500 videar,
1006 471 1104 502 porro
1135 463 1202 494 alia
1232 466 1427 503 argumenta

184 511 340 544 distincte
361 521 516 552 propono.
557 511 625 543 Illa
651 512 736 543 enim
758 511 919 552 epistulae
942 515 977 543 et
997 512 1155 544 orationis
1178 521 1310 552 summa,
1332 522 1426 552 quam

184 561 272 600 apud
304 563 476 600 utrumque
503 560 696 599 scriptorem
727 560 877 600 legimus,
907 569 983 591 num
1010 561 1167 595 communi
1192 570 1233 592 ex
1257 561 1348 592 fonte
1374 561 1427 592 de-

186 611 318 648 sumpta
351 609 404 645 sit,
435 608 641 648 perquirenti
671 608 758 647 mihi,
790 611 827 640 ut
851 609 886 640 in
915 608 1020 640 lucem
1050 610 1276 649 protrahatur,
1309 618 1428 649 omnes,

185 658 301 697 quibus
322 657 372 689 uti
392 658 570 697 potuerint,
592 658 752 689 historiae
768 660 919 689 auctores
942 658 976 688 in
996 655 1136 690 mentem
1156 661 1326 690 venerunt.
1362 657 1428 690 Sed

184 706 312 737 frustra
334 715 390 737 eos
412 706 487 738 adii.
528 707 605 737 Etsi
625 707 658 737 in
680 715 789 737 omnes
811 709 907 737 tanta
927 706 989 737 fati
1009 706 1134 738 invidia
1155 707 1325 738 saeviebat
1346 710 1424 738 tem-

184 755 276 794 poris
298 754 464 792 iniquitas,
497 757 534 785 ut
564 754 740 785 multorum
770 757 905 793 praeter
937 762 1052 784 nomen
1083 754 1212 786 nonnisi
1242 754 1429 793 fragmenta

184 803 279 834 nobis
306 802 518 841 relinqueret.
551 812 614 834 non
640 812 816 843 paucorum
843 811 883 833 ne
909 802 990 833 haec
1019 803 1145 841 quidem
1171 812 1230 835 nos
1255 806 1428 843 pateretur

184 852 375 890 resciscere,
397 855 507 883 tamen
530 861 570 882 ex
590 851 631 884 iis
653 851 804 883 hausisse
825 854 956 883 nostros
977 855 1015 883 ut
1034 855 1185 891 putemus
1206 862 1269 884 non
1292 861 1425 884 commo-

185 900 341 932 vebimur.
385 899 571 939 Scriptores
605 900 659 939 qui
690 900 773 931 talia
799 903 954 931 narrare
968 902 1154 939 potuerant,
1183 901 1293 940 qualia
1313 900 1428 940 nostri,

185 958 256 980 cum
278 958 469 980 enumerare
491 949 624 988 longum
646 952 697 980 est
714 952 783 980 tum
798 948 862 979 iam
877 948 992 980 melius
1008 949 1095 989 apud
1109 949 1289 981 Linkerum
1304 949 1347 990 (p.
1365 949 1428 990 16),

186 997 365 1029 Iordanum
374 997 397 1036 ¹)
434 998 477 1037 (p.
510 998 528 1028 6
555 997 648 1036 sqq.),
681 997 853 1029 Nicolaum
886 997 938 1035 (II
968 1007 998 1037 p.
1021 998 1081 1029 187.
1104 997 1197 1037 sqq.),
1230 997 1428 1037 Peterum²)‚

184 1045 390 1084 Muellerum,
413 1046 605 1077 Teuffelium
632 1046 734 1085 legas.
783 1046 993 1077 Dubitationi
1018 1046 1080 1077 tibi
1105 1046 1247 1078 fortasse
1274 1048 1428 1079 subortae

172 1096 226 1127 ”etv
241 1095 395 1126 facillime
418 1097 452 1125 et
478 1095 659 1126 certissime
681 1094 958 1134 respondebimus,
981 1095 1009 1126 si
1032 1104 1225 1134 persuasum
1245 1095 1306 1127 tibi
1327 1095 1429 1127 fuerit

186 1152 310 1175 mecum
324 1142 556 1181 consideranti,
577 1142 714 1182 primum
729 1143 768 1173 de
784 1142 976 1181 quibusdam
985 1143 1009 1181 ³)
1031 1143 1161 1175 illorum
1182 1153 1241 1176 nos
1262 1143 1427 1183 ignorare,

187 1201 353 1232 quousque
376 1190 548 1223 scribendo
569 1191 717 1230 reliquiis
740 1200 780 1222 ex
801 1190 879 1223 solis
906 1191 1020 1231 primis
1046 1191 1140 1223 libris
1166 1193 1330 1233 excerptis
1351 1201 1425 1233 per-

184 1240 346 1279 venerint,
378 1249 483 1279 neque
509 1240 543 1271 id
567 1248 664 1278 posse
691 1239 817 1278 confici,
848 1239 966 1271 deinde
998 1240 1038 1271 de
1071 1240 1154 1279 aliis,
1186 1241 1342 1280 quomodo
1373 1250 1428 1273 res

184 1288 429 1320 Mithridaticas
451 1287 647 1327 fragmentis
668 1296 709 1319 ne
730 1288 883 1320 tenuibus
905 1288 1033 1327 quidem
1055 1291 1089 1320 et
1108 1289 1233 1321 nuntiis
1253 1291 1347 1322 nobis
1361 1299 1428 1322 ser-

184 1337 272 1369 vatis
293 1336 526 1376 tractaverint,
548 1339 616 1368 tum
639 1336 678 1368 de
701 1337 784 1376 aliis,
815 1346 897 1376 quae
919 1340 1068 1377 tempora
1088 1338 1254 1371 narrando
1275 1339 1343 1372 sint
1364 1348 1428 1371 am—

183 1385 282 1425 plexi,
303 1385 396 1417 nobis
417 1394 482 1416 non
503 1386 605 1423 tradi;
636 1386 811 1417 nonnullos
837 1389 1003 1426 postremo
1030 1395 1070 1417 ex
1096 1395 1206 1418 eorum
1233 1388 1429 1427 scriptorum

185 1443 292 1474 grege
314 1434 426 1473 fuisse,
449 1435 503 1474 qui
518 1434 632 1466 Sullae
655 1437 688 1466 et
709 1434 856 1474 Pompeii
876 1444 931 1466 res
952 1435 985 1466 in
1007 1444 1116 1466 eorum
1137 1435 1294 1469 honorum
1309 1445 1428 1476 magno

265 1561 287 1638 3
308 1560 343 1629 {lie
358 1560 487 1591 fontibus
498 1561 625 1630 Appiani
635 1561 666 1591 in
679 1560 751 1629 {gelli
764 1561 972 1630 Mithhrfflaticis
987 1561 1155 1630 enarffindis
1169 1561 1343 1631 Gottingaeli
1344 1562 1428 1608 1872.

338 1609 493 1630 ermannus
553 1610 568 1629 e
602 1609 616 1630 r
650 1609 684 1630 ve
701 1609 781 1630 erum
834 1610 859 1630 1s
892 1609 1015 1630 rlcorum
1099 1609 1249 1630 manorum
1289 1610 1320 1631 re
1345 1610 1427 1640 quiae

188 1639 410 1716 LlpssseUlffgss
435 1677 588 1706 Sisennam
617 1666 761 1713 praedico,
788 1677 836 1714 qui
861 1686 931 1714 opus
959 1676 1030 1706 belli
1057 1677 1151 1706 civilis
1179 1677 1348 1715 Sullanique
1374 1678 1430 1744 §lita

185 1715 260 1746 Vell.
287 1714 319 1743 11
337 1715 363 1750 9,
375 1715 404 1752 5)
426 1715 527 1750 edidit,
558 1715 633 1752 quod
655 1716 706 1744 aut
731 1714 841 1743 bellum
867 1714 973 1744 sociale
1001 1716 1032 1743 et
1060 1714 1158 1744 Sullae
1185 1715 1270 1745 civile
1297 1716 1350 1745 aut
1395 1724 1429 1745 oc

183 1756 215 1784 et
234 1754 274 1791 id,
307 1752 384 1791 quod
404 1755 506 1783 contra
521 1752 728 1783 ‘Mithridatem
748 1752 779 1782 in
799 1752 923 1783 Graecia
942 1752 1068 1791 Asiaque
1089 1752 1171 1788 Sulla
1197 1753 1328 1791 gesserit,
1359 1762 1429 1784 num

183 1793 392 1831 intellegamus
411 1801 469 1821 non
487 1792 560 1821 satis
581 1793 696 1820 constat
737 1791 772 1820 In
794 1800 849 1828 quo
869 1794 1076 1829 argumentum
1095 1791 1235 1828 epistulae
1249 1793 1365 1822 nostrae
1379 1801 1426 1822 ex-

184 1831 279 1861 titisse
299 1829 517 1875 tibi-probanti
545 1829 624 1867 (nam
645 1829 715 1874 i'rgt.
729 1829 802 1875 ‘128-
828 1829 913 1859 Pet:
938 1829 1100 1874 ‚Romanos
1117 1829 1285 1860 inferendae
1308 1830 1431 1875 petracii

183 1878 418 1945 Qqsslbg}
436 1868 696 1944 xmfflaegceuglo:
723 1907 764 1936 At
783 1869 955 1936 vanznthaec
975 1867 1332 1951 Rigiiesspsiniiaemkdgtur
1356 1915 1429 1937 esse.

184 1946 308 1976 Accedit
330 1944 404 1982 quod
423 1945 562 1974 Sisennae
575 1945 647 1974 fides
661 1944 829 1983 abroganda
845 1946 898 1979 est,
918 1952 983 1974 cum
1004 1946 1093 1974 etiam
1107 1953 1137 1973 m
1157 1944 1279 1981 historia
1291 1944 1429 1975 obnoxius

187 1984 226 2014 sit
246 1983 403 2018 nobilitati,
425 1983 564 2012 Sallustio
583 1982 722 2019 infensae,
749 1984 835 2021 atque
854 1982 980 2021 principi
1000 1982 1097 2021 gentis
1123 1981 1282 2020 Corneliae,
1309 1992 1430 2024 quarum

185 2032 219 2052 ex
247 2031 367 2053 numero
394 2023 425 2051 et
450 2021 510 2059 ipse
538 2021 626 2051 fuerit
651 2030 745 2060 neque
766 2030 784 2051 a
810 2021 942 2059 partibus
970 2021 1146 2051 discesserit.
1185 2020 1269 2051 Adde
1305 2021 1428 2052 uomodo

185 2061 316 2090 Kritzius
338 2061 369 2090 in
388 2061 513 2097 praefat.
534 2059 571 2088 ad
591 2060 661 2089 Sall.
683 2061 790 2098 fragm.
809 2068 838 2097 p.
858 2060 944 2089 XVII
964 2059 1137 2090 refutaverit
1151 2058 1256 2097 Gerlac
1279 2060 1287 2067 “
1319 2059 1429 2099 opinio·

185 2108 252 2128 nem
273 2099 310 2128 ed
330 2098 398 2128 mai.
420 2097 541 2135 saltu)
562 2097 617 2127 vol.
638 2097 684 2127 111
704 2107 732 2135 p.
750 2097 788 2126 48
807 2107 842 2127 ex
862 2097 976 2127 diverso
995 2097 1181 2136 propositam.

245 2186 273 2224 *)
293 2185 390 2216 Ueber
415 2185 467 2215 das
494 2183 747 2216 Geschichtswerk
772 2185 823 2215 des
850 2185 884 2215 L.
905 2184 1056 2216 Cornelius
1083 2185 1215 2215 Sisenna.
1253 2184 1431 2216 Festschrift

184 2232 234 2255 zur
240 2224 430 2264 Begriissung
437 2222 489 2252 der
496 2222 541 2253 24.
549 2223 962 2263 Philologen-Versammlung
969 2233 1004 2255 zu
1011 2223 1200 2262 Heidelberg.
1214 2222 1336 2263 Leipzig
1342 2223 1397 2254 186
1402 2223 1428 2254 5.

224 2264 270 2309 *ἢ
291 2262 423 2295 Basileus
447 2261 647 2294 1827—1835.
