<?xml version="1.0" encoding="UTF-8"?>
<!DOCTYPE html PUBLIC "-//W3C//DTD XHTML 1.0 Transitional//EN"
    "http://www.w3.org/TR/xhtml1/DTD/xhtml1-transitional.dtd">
<html xmlns="http://www.w3.org/1999/xhtml" xml:lang="en" lang="en">
 <head>
  <title>
</title>
<meta http-equiv="Content-Type" content="text/html;charset=utf-8" />
  <meta name='ocr-system' content='tesseract 3.04.00' />
  <meta name='ocr-capabilities' content='ocr_page ocr_carea ocr_par ocr_line ocrx_word'/>
</head>
<body>
  <div class='ocr_page' id='page_1' title='image "4737409_0016.png"; bbox 0 0 1604 2528; ppageno 0'>
   <div class='ocr_carea' id='block_1_1' title="bbox 0 0 209 721">
    <p class='ocr_par' dir='ltr' id='par_1_1' title="bbox 0 0 209 721">
     <span class='ocr_line' id='line_1_1' title="bbox 0 0 209 721; baseline 0 -500"><span class='ocrx_word' id='word_1_1' title='bbox 0 0 209 721; x_wconf 95' lang='lat' dir='ltr'>   </span> 
     </span>
    </p>
   </div>
   <div class='ocr_carea' id='block_1_2' title="bbox 0 149 1405 1106">
    <p class='ocr_par' dir='ltr' id='par_1_2' title="bbox 0 149 1405 1106">
     <span class='ocr_line' id='line_1_2' title="bbox 155 149 1405 190; baseline -0.001 -9.034"><span class='ocrx_word' id='word_1_2' title='bbox 155 158 302 182; x_wconf 58' lang='lat' dir='ltr'>⁴‘scamus</span> <span class='ocrx_word' id='word_1_3' title='bbox 324 152 362 182; x_wconf 89' lang='lat' dir='ltr'>et·</span> <span class='ocrx_word' id='word_1_4' title='bbox 375 150 600 190; x_wconf 82' lang='lat' dir='ltr'>cognationem</span> <span class='ocrx_word' id='word_1_5' title='bbox 622 154 813 183; x_wconf 80' lang='lat' dir='ltr'><strong>statuamus.</strong></span> <span class='ocrx_word' id='word_1_6' title='bbox 855 149 1056 190; x_wconf 78' lang='lat' dir='ltr'>Scriptorem</span> <span class='ocrx_word' id='word_1_7' title='bbox 1078 150 1237 189; x_wconf 86' lang='lat' dir='ltr'>quendam</span> <span class='ocrx_word' id='word_1_8' title='bbox 1258 151 1405 182; x_wconf 80' lang='lat' dir='ltr'>secutum</span> 
     </span>
     <span class='ocr_line' id='line_1_3' title="bbox 103 197 1403 246; baseline 0 -17"><span class='ocrx_word' id='word_1_9' title='bbox 103 226 106 227; x_wconf 21' lang='lat'><em>⁷</em></span> <span class='ocrx_word' id='word_1_10' title='bbox 142 200 249 229; x_wconf 80' lang='lat' dir='ltr'>&#39;esse</span> <span class='ocrx_word' id='word_1_11' title='bbox 275 197 468 246; x_wconf 84' lang='lat' dir='ltr'>Sallustium</span> <span class='ocrx_word' id='word_1_12' title='bbox 494 199 628 238; x_wconf 87' lang='lat' dir='ltr'>eiusque</span> <span class='ocrx_word' id='word_1_13' title='bbox 658 199 873 241; x_wconf 84' lang='lat' dir='ltr'>imitationem</span> <span class='ocrx_word' id='word_1_14' title='bbox 904 198 1044 231; x_wconf 76' lang='lat' dir='ltr'>dilucide</span> <span class='ocrx_word' id='word_1_15' title='bbox 1074 199 1280 231; x_wconf 85' lang='lat' dir='ltr'>manifestari</span> <span class='ocrx_word' id='word_1_16' title='bbox 1310 198 1403 230; x_wconf 90' lang='lat' dir='ltr'>modo</span> 
     </span>
     <span class='ocr_line' id='line_1_4' title="bbox 107 247 1403 289; baseline 0 -11"><span class='ocrx_word' id='word_1_17' title='bbox 107 250 113 255; x_wconf 89' lang='grc'><em>“</em></span> <span class='ocrx_word' id='word_1_18' title='bbox 135 255 137 257; x_wconf 81' lang='grc'><strong>’</strong></span> <span class='ocrx_word' id='word_1_19' title='bbox 159 247 347 288; x_wconf 21' lang='lat' dir='ltr'>*conspicuo</span> <span class='ocrx_word' id='word_1_20' title='bbox 369 249 605 281; x_wconf 85' lang='lat' dir='ltr'>sententiarum</span> <span class='ocrx_word' id='word_1_21' title='bbox 630 250 832 289; x_wconf 87' lang='lat' dir='ltr'>quarundam</span> <span class='ocrx_word' id='word_1_22' title='bbox 852 253 1010 281; x_wconf 80' lang='lat' dir='ltr'>concentu</span> <span class='ocrx_word' id='word_1_23' title='bbox 1031 249 1140 281; x_wconf 82' lang='lat' dir='ltr'>doceri</span> <span class='ocrx_word' id='word_1_24' title='bbox 1161 251 1291 289; x_wconf 77' lang='lat' dir='ltr'>oportet</span> <span class='ocrx_word' id='word_1_25' title='bbox 1309 247 1403 278; x_wconf 83' lang='lat' dir='ltr'>modo</span> 
     </span>
     <span class='ocr_line' id='line_1_5' title="bbox 176 295 1404 338; baseline 0 -10"><span class='ocrx_word' id='word_1_26' title='bbox 176 295 327 330; x_wconf 83' lang='lat' dir='ltr'>dictionis</span> <span class='ocrx_word' id='word_1_27' title='bbox 357 298 615 338; x_wconf 88' lang='lat' dir='ltr'>proprietatibus</span> <span class='ocrx_word' id='word_1_28' title='bbox 647 298 778 337; x_wconf 79' lang='lat' dir='ltr'>utrique</span> <span class='ocrx_word' id='word_1_29' title='bbox 809 298 1036 331; x_wconf 84' lang='lat' dir='ltr'>communibus.</span> <span class='ocrx_word' id='word_1_30' title='bbox 1092 297 1217 337; x_wconf 80' lang='lat' dir='ltr'>Quodsi</span> <span class='ocrx_word' id='word_1_31' title='bbox 1247 298 1404 329; x_wconf 90' lang='lat' dir='ltr'>nonnulla</span> 
     </span>
     <span class='ocr_line' id='line_1_6' title="bbox 126 345 1403 387; baseline -0.002 -8"><span class='ocrx_word' id='word_1_32' title='bbox 126 362 135 379; x_wconf 61' lang='grc' dir='ltr'>ῃ</span> <span class='ocrx_word' id='word_1_33' title='bbox 174 345 333 386; x_wconf 81' lang='lat' dir='ltr'>invenias,</span> <span class='ocrx_word' id='word_1_34' title='bbox 355 356 437 386; x_wconf 88' lang='lat' dir='ltr'>quae</span> <span class='ocrx_word' id='word_1_35' title='bbox 452 351 567 379; x_wconf 86' lang='lat' dir='ltr'>extant</span> <span class='ocrx_word' id='word_1_36' title='bbox 588 347 714 387; x_wconf 86' lang='lat' dir='ltr'>quidem</span> <span class='ocrx_word' id='word_1_37' title='bbox 736 347 822 386; x_wconf 89' lang='lat' dir='ltr'>apud</span> <span class='ocrx_word' id='word_1_38' title='bbox 836 346 1038 384; x_wconf 84' lang='lat' dir='ltr'>Sallustium,</span> <span class='ocrx_word' id='word_1_39' title='bbox 1061 347 1119 377; x_wconf 86' lang='lat' dir='ltr'>sed</span> <span class='ocrx_word' id='word_1_40' title='bbox 1132 347 1166 377; x_wconf 93' lang='lat' dir='ltr'>in</span> <span class='ocrx_word' id='word_1_41' title='bbox 1180 346 1255 377; x_wconf 89' lang='lat' dir='ltr'>aliis</span> <span class='ocrx_word' id='word_1_42' title='bbox 1277 355 1403 385; x_wconf 89' lang='lat' dir='ltr'>quoque</span> 
     </span>
     <span class='ocr_line' id='line_1_7' title="bbox 136 394 1404 435; baseline -0.002 -9"><span class='ocrx_word' id='word_1_43' title='bbox 136 410 141 413; x_wconf 91' lang='lat'>·</span> <span class='ocrx_word' id='word_1_44' title='bbox 175 403 283 426; x_wconf 82' lang='lat' dir='ltr'>rerum</span> <span class='ocrx_word' id='word_1_45' title='bbox 309 396 524 435; x_wconf 84' lang='lat' dir='ltr'>scriptoribus</span> <span class='ocrx_word' id='word_1_46' title='bbox 556 395 754 435; x_wconf 81' lang='lat' dir='ltr'>deprehendi</span> <span class='ocrx_word' id='word_1_47' title='bbox 783 398 930 434; x_wconf 88' lang='lat' dir='ltr'>possunt,</span> <span class='ocrx_word' id='word_1_48' title='bbox 961 394 1062 426; x_wconf 88' lang='lat' dir='ltr'>nihilo</span> <span class='ocrx_word' id='word_1_49' title='bbox 1083 394 1199 433; x_wconf 81' lang='lat' dir='ltr'>secius,</span> <span class='ocrx_word' id='word_1_50' title='bbox 1230 403 1301 425; x_wconf 83' lang='lat' dir='ltr'>oum</span> <span class='ocrx_word' id='word_1_51' title='bbox 1322 403 1404 432; x_wconf 87' lang='lat' dir='ltr'>eum,</span> 
     </span>
     <span class='ocr_line' id='line_1_8' title="bbox 175 442 1404 483; baseline -0.002 -8"><span class='ocrx_word' id='word_1_52' title='bbox 175 442 215 474; x_wconf 86' lang='lat' dir='ltr'>de</span> <span class='ocrx_word' id='word_1_53' title='bbox 242 452 304 482; x_wconf 90' lang='lat' dir='ltr'>quo</span> <span class='ocrx_word' id='word_1_54' title='bbox 330 444 450 483; x_wconf 84' lang='lat' dir='ltr'>agitur,</span> <span class='ocrx_word' id='word_1_55' title='bbox 478 443 629 482; x_wconf 75' lang='lat' dir='ltr'>Sallustii</span> <span class='ocrx_word' id='word_1_56' title='bbox 656 444 801 483; x_wconf 85' lang='lat' dir='ltr'>exemplo</span> <span class='ocrx_word' id='word_1_57' title='bbox 824 443 1026 475; x_wconf 88' lang='lat' dir='ltr'>oboedivisse</span> <span class='ocrx_word' id='word_1_58' title='bbox 1046 443 1219 482; x_wconf 89' lang='lat' dir='ltr'>probatum</span> <span class='ocrx_word' id='word_1_59' title='bbox 1241 442 1293 481; x_wconf 90' lang='lat' dir='ltr'>sit,</span> <span class='ocrx_word' id='word_1_60' title='bbox 1319 442 1404 473; x_wconf 86' lang='lat' dir='ltr'>hunc</span> 
     </span>
     <span class='ocr_line' id='line_1_9' title="bbox 175 491 1402 532; baseline -0.002 -8"><span class='ocrx_word' id='word_1_61' title='bbox 175 492 319 524; x_wconf 85' lang='lat' dir='ltr'>auctoris</span> <span class='ocrx_word' id='word_1_62' title='bbox 329 493 435 524; x_wconf 84' lang='lat' dir='ltr'>nostri</span> <span class='ocrx_word' id='word_1_63' title='bbox 446 493 623 525; x_wconf 88' lang='lat' dir='ltr'>studiosum</span> <span class='ocrx_word' id='word_1_64' title='bbox 635 492 737 524; x_wconf 85' lang='lat' dir='ltr'>fuisse</span> <span class='ocrx_word' id='word_1_65' title='bbox 748 493 829 524; x_wconf 92' lang='lat' dir='ltr'>nihil</span> <span class='ocrx_word' id='word_1_66' title='bbox 839 492 1002 532; x_wconf 85' lang='lat' dir='ltr'>impediet,</span> <span class='ocrx_word' id='word_1_67' title='bbox 1012 491 1183 531; x_wconf 81' lang='lat' dir='ltr'>&#39;quominus</span> <span class='ocrx_word' id='word_1_68' title='bbox 1195 491 1402 523; x_wconf 83' lang='lat' dir='ltr'>arbitremur.</span> 
     </span>
     <span class='ocr_line' id='line_1_10' title="bbox 255 539 1404 581; baseline -0.001 -9"><span class='ocrx_word' id='word_1_69' title='bbox 255 541 455 581; x_wconf 78' lang='lat' dir='ltr'>Quamquam</span> <span class='ocrx_word' id='word_1_70' title='bbox 478 542 622 573; x_wconf 87' lang='lat' dir='ltr'>omnibus</span> <span class='ocrx_word' id='word_1_71' title='bbox 644 551 764 580; x_wconf 86' lang='lat' dir='ltr'>eorum,</span> <span class='ocrx_word' id='word_1_72' title='bbox 786 551 868 580; x_wconf 89' lang='lat' dir='ltr'>quae</span> <span class='ocrx_word' id='word_1_73' title='bbox 882 541 1093 581; x_wconf 83' lang='lat' dir='ltr'>praecedunt,</span> <span class='ocrx_word' id='word_1_74' title='bbox 1115 540 1318 572; x_wconf 84' lang='lat' dir='ltr'>saeculorum</span> <span class='ocrx_word' id='word_1_75' title='bbox 1339 539 1404 571; x_wconf 88' lang='lat' dir='ltr'>edi-</span> 
     </span>
     <span class='ocr_line' id='line_1_11' title="bbox 169 588 1405 629; baseline 0 -9"><span class='ocrx_word' id='word_1_76' title='bbox 169 589 319 621; x_wconf 84' lang='lat' dir='ltr'>tionibus</span> <span class='ocrx_word' id='word_1_77' title='bbox 341 593 375 620; x_wconf 87' lang='lat' dir='ltr'>et</span> <span class='ocrx_word' id='word_1_78' title='bbox 388 590 482 621; x_wconf 89' lang='lat' dir='ltr'>libris</span> <span class='ocrx_word' id='word_1_79' title='bbox 499 590 712 629; x_wconf 86' lang='lat' dir='ltr'>perlustratis</span> <span class='ocrx_word' id='word_1_80' title='bbox 726 598 955 628; x_wconf 87' lang='lat' dir='ltr'>nonnunquam</span> <span class='ocrx_word' id='word_1_81' title='bbox 975 589 1064 620; x_wconf 79' lang='lat' dir='ltr'>locos</span> <span class='ocrx_word' id='word_1_82' title='bbox 1087 599 1106 620; x_wconf 83' lang='lat' dir='ltr'>a</span> <span class='ocrx_word' id='word_1_83' title='bbox 1120 590 1200 620; x_wconf 86' lang='lat' dir='ltr'>viris</span> <span class='ocrx_word' id='word_1_84' title='bbox 1222 588 1327 620; x_wconf 84' lang='lat' dir='ltr'>doctis</span> <span class='ocrx_word' id='word_1_85' title='bbox 1341 589 1405 620; x_wconf 84' lang='lat' dir='ltr'>iam</span> 
     </span>
     <span class='ocr_line' id='line_1_12' title="bbox 175 637 1404 677; baseline -0.001 -8"><span class='ocrx_word' id='word_1_86' title='bbox 175 637 277 669; x_wconf 86' lang='lat' dir='ltr'>fuisse</span> <span class='ocrx_word' id='word_1_87' title='bbox 298 639 436 669; x_wconf 86' lang='lat' dir='ltr'>collatos</span> <span class='ocrx_word' id='word_1_88' title='bbox 450 639 538 669; x_wconf 90' lang='lat' dir='ltr'>haud</span> <span class='ocrx_word' id='word_1_89' title='bbox 559 639 684 677; x_wconf 87' lang='lat' dir='ltr'>ignoro,</span> <span class='ocrx_word' id='word_1_90' title='bbox 705 641 824 672; x_wconf 86' lang='lat' dir='ltr'>tamen.</span> <span class='ocrx_word' id='word_1_91' title='bbox 847 638 1028 677; x_wconf 86' lang='lat' dir='ltr'>quicunque</span> <span class='ocrx_word' id='word_1_92' title='bbox 1049 637 1170 677; x_wconf 88' lang='lat' dir='ltr'>primus</span> <span class='ocrx_word' id='word_1_93' title='bbox 1191 637 1404 668; x_wconf 86' lang='lat' dir='ltr'>imitationem</span> 
     </span>
     <span class='ocr_line' id='line_1_13' title="bbox 178 686 1405 727; baseline -0.001 -9"><span class='ocrx_word' id='word_1_94' title='bbox 178 686 333 726; x_wconf 82' lang='lat' dir='ltr'>respexit,</span> <span class='ocrx_word' id='word_1_95' title='bbox 365 687 533 727; x_wconf 86' lang='lat' dir='ltr'>appellare</span> <span class='ocrx_word' id='word_1_96' title='bbox 565 686 819 725; x_wconf 88' lang='lat' dir='ltr'>singillatimque</span> <span class='ocrx_word' id='word_1_97' title='bbox 849 686 939 717; x_wconf 83' lang='lat' dir='ltr'>locos</span> <span class='ocrx_word' id='word_1_98' title='bbox 969 686 1027 717; x_wconf 90' lang='lat' dir='ltr'>hos</span> <span class='ocrx_word' id='word_1_99' title='bbox 1059 686 1180 717; x_wconf 85' lang='lat' dir='ltr'>similes</span> <span class='ocrx_word' id='word_1_100' title='bbox 1211 686 1405 724; x_wconf 80' lang='lat' dir='ltr'>consignare</span> 
     </span>
     <span class='ocr_line' id='line_1_14' title="bbox 176 734 1405 775; baseline 0 -10"><span class='ocrx_word' id='word_1_101' title='bbox 176 743 241 765; x_wconf 90' lang='lat' dir='ltr'>non</span> <span class='ocrx_word' id='word_1_102' title='bbox 262 736 413 772; x_wconf 87' lang='lat' dir='ltr'>conabor,</span> <span class='ocrx_word' id='word_1_103' title='bbox 436 736 553 775; x_wconf 88' lang='lat' dir='ltr'>quippe</span> <span class='ocrx_word' id='word_1_104' title='bbox 575 744 645 766; x_wconf 83' lang='lat' dir='ltr'>eum</span> <span class='ocrx_word' id='word_1_105' title='bbox 665 743 729 765; x_wconf 92' lang='lat' dir='ltr'>non</span> <span class='ocrx_word' id='word_1_106' title='bbox 756 744 857 773; x_wconf 83' lang='lat' dir='ltr'>egens</span> <span class='ocrx_word' id='word_1_107' title='bbox 878 734 1012 765; x_wconf 84' lang='lat' dir='ltr'>oonsilio</span> <span class='ocrx_word' id='word_1_108' title='bbox 1039 737 1137 773; x_wconf 89' lang='lat' dir='ltr'>atque</span> <span class='ocrx_word' id='word_1_109' title='bbox 1158 734 1278 765; x_wconf 88' lang='lat' dir='ltr'>auxilio</span> <span class='ocrx_word' id='word_1_110' title='bbox 1300 734 1405 765; x_wconf 85' lang='lat' dir='ltr'>cuius-</span> 
     </span>
     <span class='ocr_line' id='line_1_15' title="bbox 175 782 1404 822; baseline 0 -8"><span class='ocrx_word' id='word_1_111' title='bbox 175 792 271 822; x_wconf 87' lang='lat' dir='ltr'>quam</span> <span class='ocrx_word' id='word_1_112' title='bbox 291 783 355 815; x_wconf 91' lang='lat' dir='ltr'>nisi</span> <span class='ocrx_word' id='word_1_113' title='bbox 381 784 544 815; x_wconf 86' lang='lat' dir='ltr'>interdum</span> <span class='ocrx_word' id='word_1_114' title='bbox 574 783 679 814; x_wconf 83' lang='lat' dir='ltr'>indice</span> <span class='ocrx_word' id='word_1_115' title='bbox 700 782 915 814; x_wconf 84' lang='lat' dir='ltr'>Dietschiano</span> <span class='ocrx_word' id='word_1_116' title='bbox 946 790 1050 821; x_wconf 85' lang='lat' dir='ltr'>neque</span> <span class='ocrx_word' id='word_1_117' title='bbox 1072 791 1112 813; x_wconf 86' lang='lat' dir='ltr'>ex</span> <span class='ocrx_word' id='word_1_118' title='bbox 1133 782 1239 814; x_wconf 85' lang='lat' dir='ltr'>alieno</span> <span class='ocrx_word' id='word_1_119' title='bbox 1259 782 1404 821; x_wconf 91' lang='lat' dir='ltr'>pendens</span> 
     </span>
     <span class='ocr_line' id='line_1_16' title="bbox 176 830 1404 871; baseline 0 -8"><span class='ocrx_word' id='word_1_120' title='bbox 176 831 324 868; x_wconf 86' lang='lat' dir='ltr'>arbitrio,</span> <span class='ocrx_word' id='word_1_121' title='bbox 357 841 433 863; x_wconf 93' lang='lat' dir='ltr'>num</span> <span class='ocrx_word' id='word_1_122' title='bbox 455 832 531 871; x_wconf 89' lang='lat' dir='ltr'>qnid</span> <span class='ocrx_word' id='word_1_123' title='bbox 552 831 682 871; x_wconf 80' lang='lat' dir='ltr'>Trogus</span> <span class='ocrx_word' id='word_1_124' title='bbox 705 841 724 862; x_wconf 90' lang='lat' dir='ltr'>a</span> <span class='ocrx_word' id='word_1_125' title='bbox 745 830 904 863; x_wconf 83' lang='lat' dir='ltr'>Sallustio</span> <span class='ocrx_word' id='word_1_126' title='bbox 935 834 1102 862; x_wconf 88' lang='lat' dir='ltr'>mutuatus</span> <span class='ocrx_word' id='word_1_127' title='bbox 1124 834 1222 870; x_wconf 83' lang='lat' dir='ltr'>esset,</span> <span class='ocrx_word' id='word_1_128' title='bbox 1252 832 1323 871; x_wconf 89' lang='lat' dir='ltr'>ipse</span> <span class='ocrx_word' id='word_1_129' title='bbox 1345 832 1404 863; x_wconf 89' lang='lat' dir='ltr'>sim</span> 
     </span>
     <span class='ocr_line' id='line_1_17' title="bbox 12 880 1403 920; baseline -0.002 -6"><span class='ocrx_word' id='word_1_130' title='bbox 12 910 17 915; x_wconf 77' lang='grc'>.</span> <span class='ocrx_word' id='word_1_131' title='bbox 52 916 54 919; x_wconf 66' lang='grc'>,</span> <span class='ocrx_word' id='word_1_132' title='bbox 173 883 386 920; x_wconf 76' lang='lat' dir='ltr'>percontatus</span> <span class='ocrx_word' id='word_1_133' title='bbox 408 884 443 912; x_wconf 84' lang='lat' dir='ltr'>et</span> <span class='ocrx_word' id='word_1_134' title='bbox 457 882 585 913; x_wconf 87' lang='lat' dir='ltr'>illorum</span> <span class='ocrx_word' id='word_1_135' title='bbox 607 889 774 912; x_wconf 88' lang='lat' dir='ltr'>numerum</span> <span class='ocrx_word' id='word_1_136' title='bbox 794 880 907 912; x_wconf 90' lang='lat' dir='ltr'>mirum</span> <span class='ocrx_word' id='word_1_137' title='bbox 923 882 1078 920; x_wconf 80' lang='lat' dir='ltr'>quantum</span> <span class='ocrx_word' id='word_1_138' title='bbox 1094 880 1249 920; x_wconf 75' lang='lat' dir='ltr'>auxerim,</span> <span class='ocrx_word' id='word_1_139' title='bbox 1270 883 1307 912; x_wconf 88' lang='lat' dir='ltr'>ut</span> <span class='ocrx_word' id='word_1_140' title='bbox 1321 880 1403 912; x_wconf 85' lang='lat' dir='ltr'>nihil</span> 
     </span>
     <span class='ocr_line' id='line_1_18' title="bbox 0 929 472 969; baseline 0.004 -10"><span class='ocrx_word' id='word_1_141' title='bbox 0 934 29 959; x_wconf 58' lang='lat'>⁵2„</span> <span class='ocrx_word' id='word_1_142' title='bbox 70 953 74 955; x_wconf 58' lang='grc'><strong><em>,</em></strong></span> <span class='ocrx_word' id='word_1_143' title='bbox 174 929 251 961; x_wconf 91' lang='lat' dir='ltr'>mihi</span> <span class='ocrx_word' id='word_1_144' title='bbox 272 930 315 961; x_wconf 90' lang='lat' dir='ltr'>sit</span> <span class='ocrx_word' id='word_1_145' title='bbox 335 930 472 969; x_wconf 85' lang='lat' dir='ltr'>periculi</span> 
     </span>
     <span class='ocr_line' id='line_1_19' title="bbox 0 977 1102 1018; baseline -0.001 -8"><span class='ocrx_word' id='word_1_146' title='bbox 0 982 21 1014; x_wconf 50' lang='grc' dir='ltr'>’ἢ</span> <span class='ocrx_word' id='word_1_147' title='bbox 63 977 66 978; x_wconf 63' lang='grc'>’</span> <span class='ocrx_word' id='word_1_148' title='bbox 350 979 409 1018; x_wconf 84' lang='lat' dir='ltr'>Ne,</span> <span class='ocrx_word' id='word_1_149' title='bbox 431 979 459 1010; x_wconf 92' lang='lat' dir='ltr'>si</span> <span class='ocrx_word' id='word_1_150' title='bbox 479 979 565 1010; x_wconf 84' lang='lat' dir='ltr'>forte</span> <span class='ocrx_word' id='word_1_151' title='bbox 586 987 662 1010; x_wconf 87' lang='lat' dir='ltr'>suas</span> <span class='ocrx_word' id='word_1_152' title='bbox 682 978 858 1018; x_wconf 86' lang='lat' dir='ltr'>repetitum</span> <span class='ocrx_word' id='word_1_153' title='bbox 879 978 1007 1010; x_wconf 86' lang='lat' dir='ltr'>venerit</span> <span class='ocrx_word' id='word_1_154' title='bbox 1027 978 1102 1009; x_wconf 90' lang='lat' dir='ltr'>olim</span> 
     </span>
     <span class='ocr_line' id='line_1_20' title="bbox 40 1026 1180 1066; baseline -0.001 -8"><span class='ocrx_word' id='word_1_155' title='bbox 40 1029 44 1030; x_wconf 51' lang='lat'><em>⁷</em></span> <span class='ocrx_word' id='word_1_156' title='bbox 351 1026 441 1058; x_wconf 85' lang='lat' dir='ltr'>Grex</span> <span class='ocrx_word' id='word_1_157' title='bbox 462 1027 568 1058; x_wconf 88' lang='lat' dir='ltr'>avium</span> <span class='ocrx_word' id='word_1_158' title='bbox 588 1027 723 1066; x_wconf 86' lang='lat' dir='ltr'>plumas,</span> <span class='ocrx_word' id='word_1_159' title='bbox 744 1030 874 1058; x_wconf 82' lang='lat' dir='ltr'>moveat</span> <span class='ocrx_word' id='word_1_160' title='bbox 894 1027 1059 1058; x_wconf 78' lang='lat' dir='ltr'>cornicula</span> <span class='ocrx_word' id='word_1_161' title='bbox 1079 1027 1180 1057; x_wconf 87' lang='lat' dir='ltr'>risum</span> 
     </span>
     <span class='ocr_line' id='line_1_21' title="bbox 349 1074 835 1106; baseline 0 -1"><span class='ocrx_word' id='word_1_162' title='bbox 349 1075 497 1106; x_wconf 86' lang='lat' dir='ltr'>Furtivis</span> <span class='ocrx_word' id='word_1_163' title='bbox 518 1075 643 1106; x_wconf 90' lang='lat' dir='ltr'>nudata</span> <span class='ocrx_word' id='word_1_164' title='bbox 663 1074 835 1106; x_wconf 80' lang='lat' dir='ltr'>coloribus.</span> 
     </span>
    </p>
   </div>
  </div>
 </body>
</html>
