1604 2528
777 82 820 114 42

187 196 238 225 est
259 193 312 225 vel
334 194 433 226 etiam
455 195 542 235 apud
563 196 700 229 comicos
722 200 852 229 veteres
874 200 908 229 et
930 196 1012 229 alios
1038 197 1163 236 priscos
1190 198 1342 228 auctores
1369 188 1419 228 re-

185 243 322 282 peritur,
345 243 490 282 Trogum
511 244 580 283 hos,
601 255 665 277 non
680 247 769 278 illum
785 247 944 278 imitatum
960 256 1032 277 esse
1047 247 1140 278 nobis
1158 246 1421 286 persuadeamus.

187 292 387 331 Scriptorem
409 297 555 324 nostrum
579 303 700 326 summo
723 305 832 327 amore
853 296 1082 334 antiquitatem
1098 296 1278 335 amplexum
1293 295 1422 334 priscae

187 342 345 373 orationis
373 342 526 381 vestigiis
550 343 662 375 multis
690 345 722 375 in
744 346 843 376 rebus
864 345 1025 376 institisse
1051 344 1254 383 coloremque
1275 343 1309 376 in
1330 352 1422 374 usum

187 401 278 423 suum
300 392 502 423 convertisse
524 393 725 431 interpretes
746 398 843 432 atque
859 395 1001 424 editores
1017 393 1217 424 confirmant.
1260 392 1325 423 Sed
1340 401 1422 430 quae

186 443 238 471 est
259 449 367 475 causa,
390 441 474 479 quod
495 441 528 471 in
550 442 684 472 eandem
707 441 810 481 Trogi
839 451 1026 479 sermonem,
1054 451 1123 472 cum
1145 441 1186 471 ad
1207 441 1273 472 ista
1299 443 1350 471 est
1371 449 1422 471 ac-

187 489 416 526 commodatus,
438 498 639 528 revocemus,
662 490 753 521 cuius
776 500 846 521 cum
868 490 1026 522 Sallustio
1049 489 1266 530 compluribus
1294 489 1368 520 aliis
1389 489 1423 519 in

186 538 369 569 rationibus
393 538 600 569 concordiam
622 539 677 569 vix
699 540 842 570 abnuere
865 543 962 578 atque
984 540 1136 570 refellere
1157 538 1284 578 possis?

265 585 306 615 In
329 587 476 616 oratione
498 587 610 623 igitur,
634 596 653 617 a
669 596 731 625 qua
747 587 949 625 quaestionis
970 587 1192 618 instituendae
1212 586 1422 626 primordium

187 634 344 673 duximus,
360 634 489 666 etiamsi
509 635 617 665 aliena
632 635 758 666 inserta
773 645 844 666 esse
860 645 922 666 non
938 636 1096 667 immerito
1117 638 1261 676 putetur,
1283 635 1421 674 plerum-

188 693 248 722 que
270 687 388 721 tamen,
416 684 443 714 si
466 693 545 714 vera
566 687 643 714 sunt
664 693 746 722 quae
768 684 899 723 conieci,
921 684 1065 723 Trogum
1087 685 1120 716 iu
1141 685 1239 715 rebus
1261 692 1420 722 gramma-

187 731 271 770 ticis,
292 732 325 762 in
346 732 577 762 vocabulorum
599 741 669 770 usu,
691 732 724 762 in
747 733 920 763 sententiis
942 733 1094 772 repetitis
1116 733 1157 763 ad
1178 732 1300 763 fontem
1316 731 1422 763 Sallu-

187 780 326 812 stianum
350 780 488 812 rediisse
503 781 656 812 distincte
679 781 828 820 elucebit,
851 782 904 820 qui
919 781 971 812 hic
985 782 1038 813 vel
1053 782 1121 813 illic
1136 780 1422 812 animadversioni-

187 830 247 861 bus
271 830 363 860 modo
379 829 483 868 Trogi
498 830 600 868 ipsius
616 830 776 867 genuinis,
792 839 855 861 non
871 830 1000 861 aliunde
1017 830 1152 868 sumptis
1167 829 1346 868 permixtus
1361 831 1420 859 est.

266 878 330 908 His
346 878 506 908 absolutis
529 877 627 908 aliam
648 886 732 908 nunc
747 878 832 908 viam
855 878 896 908 ad
917 878 1130 908 imitationem
1152 876 1421 915 comprobandam

187 925 398 963 ingressurus
421 935 500 962 sum,
522 934 585 963 qua
607 925 639 955 in
661 925 845 956 refutandis
868 934 905 955 ac
927 925 1087 956 diluendis
1110 925 1281 955 sententiis
1304 934 1323 955 a
1337 924 1418 955 viris

187 974 291 1004 doctis
322 973 385 1004 iam
417 974 528 1004 allatis
555 974 683 1004 versari
715 983 770 1004 ero
803 976 944 1004 coactus.
987 973 1087 1012 Quas,
1121 982 1191 1003 cum
1222 973 1286 1003 iam
1319 972 1422 1011 primo

187 1024 322 1060 aspectu
349 1030 408 1052 nos
431 1031 509 1051 saue
533 1030 627 1059 quam
649 1021 815 1052 offendant
837 1024 1013 1060 totamque,
1035 1030 1129 1059 quam
1151 1021 1289 1059 institui,
1312 1021 1419 1059 dispu-

187 1069 343 1100 tationem
359 1069 390 1099 in
412 1069 570 1099 incertum
586 1069 712 1108 possint
726 1078 893 1106 revocare,
915 1072 951 1099 ut
969 1069 1098 1108 penitus
1121 1068 1329 1107 expediamus
1356 1078 1420 1099 non

187 1126 293 1156 pauca
314 1117 463 1148 addenda
484 1120 569 1148 sunt.
808 1132 812 1134 -

267 1164 354 1196 Tota
381 1165 464 1196 enim
485 1165 606 1197 Iustini
627 1169 732 1205 parte,
760 1175 842 1205 quae
869 1166 969 1197 libros
996 1166 1070 1196 inde
1098 1175 1118 1196 a
1143 1165 1295 1197 XXXVI
1321 1174 1422 1203 usque

189 1213 229 1244 ad
251 1212 352 1244 XLII
374 1214 627 1253 comprehendit,
649 1214 793 1253 Trogum
816 1214 1026 1246 Posidonium
1052 1214 1114 1245 sibi
1140 1215 1253 1246 ducem
1282 1214 1422 1253 elegisse

188 1262 342 1293 Heereno
352 1262 374 1300 ¹)
397 1272 589 1301 persuasum
605 1266 656 1294 est
671 1266 704 1294 et
719 1263 853 1294 eundem
870 1266 1035 1294 auctorem
1051 1266 1126 1293 ante
1142 1263 1252 1293 oculos
1267 1262 1421 1293 habuisse

189 1310 298 1343 Carol.
320 1310 529 1348 Muellerus2)
563 1319 602 1341 ex
633 1310 761 1342 Iustino
793 1311 929 1351 colligit,
962 1311 1046 1350 quod
1072 1309 1261 1349 Nicolaus³)
1293 1311 1421 1350 probat.

267 1358 372 1389 Multa
404 1362 511 1389 autem
544 1359 711 1398 quominus
743 1359 793 1390 his
825 1360 906 1391 viris
929 1359 1160 1391 eruditissimis
1183 1359 1347 1391 assentiar
1368 1360 1421 1390 ob-

188 1411 287 1439 stant.
339 1407 471 1445 Negare
509 1407 635 1446 quidem
671 1408 745 1438 nolo
778 1408 987 1439 Posidonium
1008 1408 1041 1439 in
1075 1400 1224 1451 ἷστορίᾳ
1251 1399 1295 1452 τῇ
1320 1401 1422 1450 μετὰ

190 1449 382 1500 Πολύβιον
423 1455 625 1487 Mithridatis
651 1456 746 1487 initia
778 1457 1042 1495 incrementaque
1071 1456 1283 1495 descripsisse
1306 1459 1340 1487 et
1360 1455 1422 1486 ori-

190 1505 283 1543 gines
304 1505 400 1544 regni
420 1504 559 1542 Pontici,
582 1514 663 1544 quae
685 1505 778 1537 libris
800 1505 970 1537 XXXVII
1000 1509 1033 1536 et
1059 1505 1250 1538 XXXVIII
1271 1515 1291 1536 a
1312 1504 1422 1542 Trogo

190 1552 340 1591 exposita
367 1562 439 1584 esse
466 1562 505 1583 ex
532 1553 678 1592 prologis
705 1556 799 1592 patet
826 1562 1022 1591 quorumque
1050 1553 1251 1591 aliquantum
1271 1553 1317 1584 ibi
1338 1552 1424 1591 apud

190 1601 352 1632 Iustinum
369 1600 474 1631 adhuc
489 1601 636 1639 legimus.
663 1600 747 1632 Nam
762 1601 897 1640 primum
912 1601 1032 1631 bellum
1047 1600 1304 1632 Mithridaticum
1326 1601 1424 1631 attin-

189 1649 240 1688 git
266 1659 337 1680 cum
358 1649 526 1680 Athenaei
552 1648 641 1679 locus
674 1648 739 1686 (VI
760 1658 790 1688 p.
812 1648 870 1680 266
891 1649 919 1679 Ε
1001 1649 1084 1687 frag.
1107 1649 1146 1679 39
1168 1649 1216 1680 ed.
1238 1648 1361 1687 Muell.)
1385 1649 1424 1680 de

191 1697 282 1729 Chiis
305 1698 490 1736 subiugatis
513 1706 533 1727 a
553 1706 638 1735 reget
655 1697 837 1735 vinctisque
858 1697 891 1727 in
913 1700 1035 1727 terram
1058 1696 1252 1727 Colchorum
1274 1697 1424 1735 deporta-

189 1745 242 1784 tis,
274 1748 342 1776 tum
373 1745 602 1784 gravissimum
635 1745 719 1783 quod
751 1748 843 1776 extat
874 1744 1042 1775 Posidonii
1074 1743 1293 1783 fragmentum
1325 1745 1425 1784 (apud

188 1794 311 1826 Athen.
338 1794 368 1827 V
390 1804 418 1834 p.
441 1794 495 1825 211
520 1794 552 1825 D
579 1811 617 1820 ε
643 1795 738 1833 srgm.
760 1794 795 1825 41
820 1794 867 1825 ed.
891 1794 1024 1833 Muell.)‚
1057 1794 1112 1824 ubi
1138 1793 1177 1824 de
1203 1792 1423 1831 Athenione⁴)

190 1843 413 1874 crudelissimo
440 1843 632 1883 philosopho
655 1843 778 1882 agitur,
801 1843 855 1881 qui
876 1842 1050 1881 tyrannide
1073 1844 1231 1880 occupata
1243 1841 1425 1873 Athenien-

190 1891 271 1922 sium
293 1892 416 1922 animos
439 1891 480 1922 ad
500 1900 609 1922 rerum
631 1900 786 1922 novarum
810 1899 898 1929 spem
920 1890 1035 1927 erexit,
1057 1892 1094 1920 ut
1114 1898 1133 1920 a
1148 1889 1339 1920 Mithridate
1360 1890 1425 1920 lae-

189 1939 317 1970 tissima
349 1942 590 1978 exspectarent,
629 1948 747 1978 eosque
786 1939 903 1970 acerbe
940 1938 1108 1969 cruciavit.
1161 1938 1272 1976 Atque
1304 1938 1343 1969 de
1374 1938 1425 1969 his

189 1987 394 2025 Posidonius,
418 1991 532 2026 utpote
555 1988 618 2026 qui,
640 1997 679 2018 ex
705 1987 878 2018 itineribus
905 1986 1015 2017 multis
1041 1995 1196 2017 reversus
1224 1995 1294 2016 cum
1315 1986 1426 2018 Rhodi

190 2036 346 2074 civitatis,
367 2045 449 2074 quae
470 2036 691 2067 Romanorum
712 2036 746 2066 in
767 2035 829 2066 fide
850 2038 1066 2073 remanserat,
1088 2034 1169 2065 civis
1192 2044 1263 2065 esse
1288 2044 1351 2065 non
1373 2035 1425 2066 de-

272 2173 278 2189 ¹
403 2174 410 2182 ἱ
554 2173 563 2179 ⁷
582 2173 588 2183 1

268 2174 291 2248 '³3
312 2172 759 2247 {⁸12¹lrggZIeiijtaydicISItoricoruiil
781 2211 956 2240 Graecorum
967 2210 1086 2240 Parisiis
1102 2210 1174 2239 1849
1186 2210 1241 2239 vol.
1252 2210 1298 2239 III
1309 2219 1336 2248 p.
1348 2209 1427 2238 252b-

267 2251 293 2307 ἲ)
314 2249 500 2321 δ’ήθθὲἰὲἳῗθ
521 2249 1012 2320 Literfqtllprlgggtclhiss‘gssrvokuldloffi-
1036 2248 1233 2320 lflfregsAHg·
1247 2290 1427 2319 Athenarum

190 2332 270 2361 statu
283 2297 409 2369 )pglivtcico
424 2301 463 2359 ¹eltb
480 2301 622 2360 litliirai-io
643 2313 775 2367 Gotting.
799 2313 871 2358 1821)
891 2339 918 2367 p.
939 2330 966 2359 4.
1003 2314 1009 2320 ³

1590 204 1604 354 ,Ἐπ’-ἠλεέ.)εςιι·
1601 131 1604 135 .
