1604 2528
181 158 209 192 Ι.
230 159 279 200 65,
299 159 333 193 5:
353 158 406 192 ira
425 158 586 200 grassari.

183 207 219 240 C.
240 208 289 248 58,
309 208 361 240 20:
383 208 558 251 multitudo
576 207 719 240 hostium
733 216 774 240 110

222 256 457 289 circumvenire
472 249 581 297 queat,
600 255 777 298 prohibent

221 305 396 346 angustiae
416 304 489 337 loci.

186 354 222 385 C.
244 354 292 393 40,
313 354 347 385 2:
376 353 546 385 civitatum
567 353 778 394 principibus.

186 400 222 433 O.
244 401 292 439 57,
315 401 348 433 1:
369 401 517 441 plerique
539 400 739 432 dilabuntur.

182 497 211 529 I.
232 497 281 536 58,
302 497 335 529 4:
363 497 520 529 acerrime
546 506 614 528 rem
635 482 778 535 gereret.

183 544 220 576 C.
241 544 290 584 25,
312 545 342 577 1:
373 553 456 584 quae
481 545 585 576 multa
610 553 709 585 saepe
730 545 777 576 vi-

225 592 298 625 rilis
321 592 480 625 audaciae
500 592 658 625 facinora.

182 688 209 720 I.
231 687 280 728 24,
300 688 333 721 4:
356 689 449 721 clade
470 689 650 729 perculsus.

183 736 211 769 Ι.
234 737 283 778 65,
304 738 337 770 3:
363 738 449 770 hunc
475 737 605 769 anxium
626 738 776 777 adgredi-

222 788 278 816 tur
299 789 399 825 atque
419 786 583 824 hortatur,
604 789 651 817 ut.

183 831 210 863 Ι.
225 832 274 872 73,
287 833 322 865 5:
343 832 377 864 in
391 831 495 864 maius
510 832 689 864 celebrans.
713 833 776 865 vid.

223 889 324 920 supra
343 889 419 920 pag.
440 880 489 911 38.

183 928 211 959 Ι.
233 928 262 965 6,
284 929 316 960 1;
338 927 388 958 uti
408 936 476 958 mos
498 928 557 959 est.

182 975 209 1007 I.
231 975 279 1015 41,
293 976 327 1007 5:
349 974 534 1007 libertatem
552 974 586 1006 in
600 975 776 1007 lubidinem

222 1027 364 1056 vortere.

186 1072 222 1103 C.
243 1073 292 1109 58,
313 1072 350 1102 7:
372 1072 460 1103 ferro
480 1072 545 1103 iter
563 1073 777 1112 aperiundum

223 1124 284 1152 est.

183 1170 213 1201 h.
235 1170 273 1201 II
294 1171 343 1210 96,
363 1171 399 1202 4:
431 1171 496 1202 iter
517 1171 607 1202 aliud
627 1171 778 1210 patefeci.

183 1219 214 1249 11.
236 1218 254 1249 Ι
277 1219 348 1250 107:
370 1219 482 1258 fugam
502 1220 701 1250 maturabat.

183 1267 220 1300 O.
242 1268 291 1308 46,
311 1268 346 1300 5.
374 1269 488 1301 consul
508 1268 686 1303 Lentulum
706 1277 778 1309 per-

225 1318 323 1350 ducit.
389 1323 391 1325 ’

183 1365 210 1397 Ι.
244 1366 297 1405 14,
327 1367 380 1398 23:
420 1376 530 1398 rerum
564 1367 777 1398 humanarum

225 1416 447 1455 spectaculum
467 1416 618 1456 praebeo.

185 1550 221 1584 O.
245 1552 292 1592 10,
312 1553 346 1584 4:
377 1553 483 1584 omnia
504 1553 636 1585 venalia
655 1552 778 1584 habere

225 1601 253 1633 I.
275 1602 302 1642 8,
326 1603 351 1634 1.
376 1602 424 1642 20,
447 1603 473 1635 1.

188 1650 216 1682 Ι.
238 1650 286 1688 m,
307 1651 341 1682 3:
363 1651 513 1683 aedificia
533 1651 687 1683 incendit.

184 1746 220 1781 C.
243 1748 290 1788 60,
312 1748 345 1780 2:
365 1750 525 1789 proelium
546 1750 702 1782 conmitti.

183 1845 210 1877 Ι.
234 1845 280 1886 14,
303 1846 358 1878 18:
379 1846 408 1878 si
418 1846 552 1879 fortuna
565 1846 693 1887 inperio
712 1856 778 1879 mu-

223 1898 364 1927 tax-etur.

184 1943 214 1975 h.
236 1943 275 1975 ΙΙ
295 1943 344 1983 96,
365 1944 398 1976 6:
421 1947 534 1976 castra
554 1948 662 1985 capta.

187 1991 223 2024 G.
244 1992 293 2032 51,
313 1992 342 2025 5.
369 1992 396 2025 Ι.
417 1993 467 2033 36,
487 1993 515 2026 2.
544 1994 592 2034 37,
613 1994 640 2027 3.
664 1994 729 2034 114,
750 1994 778 2027 3.

225 2042 255 2074 11.
277 2042 331 2076 IV
350 2043 400 2082 61,
422 2043 468 2076 16.

182 2138 210 2171 I.
225 2139 273 2179 70,
286 2139 300 2171 1
313 2148 322 2172 z
335 2139 481 2179 suspecti
498 2138 777 2172 Lacedaemoniis.

182 2187 209 2221 I.
233 2189 279 2229 13,
300 2189 335 2221 8:
355 2197 397 2220 ne
418 2189 555 2228 gravius
569 2189 603 2221 in
617 2199 690 2222 eum
704 2199 778 2222 con-

222 2238 396 2270 suleretur.

183 2285 219 2318 O.
241 2286 289 2325 51,
304 2285 356 2318 26:
380 2286 457 2326 quid
468 2286 501 2317 in
513 2285 596 2318 alios
608 2287 776 2320 statuatis.

835 160 912 201 igne
932 162 1116 200 grassatur.

836 209 887 241 18:
918 209 1090 249 angustias
1124 207 1204 243 freti
1233 216 1275 240 ue
1295 207 1455 242 (11101101-
1479 251 1482 253 ‚

874 257 981 291 veniri
1011 267 1032 290 a
1061 256 1271 290 multitudine
1305 257 1429 315 posset,

879 308 1101 348 occapassent.

839 354 1022 387 civitatium
1040 353 1214 394 principes.

840 402 892 434 19:
914 402 969 442 qui
988 401 1090 434 dilabi
1109 400 1243 441 vellent.

839 449 892 481 27:
913 450 1024 489 plures
1045 449 1172 481 domum
1192 446 1390 485 dilabuntur,

838 496 1032 528 23rbellum
1054 497 1213 537 acerrime
1233 490 1352 528 ciebat.

838 542 891 574 24:
912 543 946 576 in
966 545 1102 577 muliere
1120 543 1248 576 virilem
1262 542 1430 577 audaciam

877 601 1037 626 cerneres.

786 634 790 637 ’
838 649 907 679 cap.
930 641 977 672 13.

838 687 869 719 1:
892 687 985 719 clade
1005 688 1185 732 perculsus.

839 736 870 768 1:
897 736 1027 768 dubium
1058 735 1193 768 Xerxen
1224 736 1426 791 adgreditur.

876 784 909 815 2·
930 783 1106 822 Hortatur,
1120 787 1157 815 ut
1172 800 1219 815 —.

837 831 869 863 2.
891 831 924 862 in
935 830 1153 863 maiusomnia
1161 822 1332 864 extollens.
1344 831 1390 871 14,
1401 830 1429 863 2.

839 926 937 958 sicuti
956 935 1024 957 mos
1046 929 1106 957 est.

837 974 870 1006 6:
905 974 1166 1014 desperationem
1205 974 1239 1006 in
1273 974 1431 1008 virtutem

876 1017 1056 1054 uerterent.
1206 1061 1209 1064 y

837 1069 902 1100 iter
923 1069 1012 1100 ferro
1032 1070 1269 1108 patefacerent.

839 1224 872 1256 7:
894 1225 975 1264 fuga
995 1227 1170 1256 maturata.

839 1274 866 1307 8:
888 1273 1009 1306 milites
1030 1273 1263 1314 perducendos.

839 1371 890 1403 10:
911 1378 967 1403 res
979 1370 1166 1410 spectaculo
1178 1370 1279 1409 digna
1289 1371 1324 1400 et
1334 1369 1432 1401 aesti-

876 1419 1019 1451 matione
1033 1419 1135 1451 sortis
1150 1419 1310 1451 humanae
1321 1426 1431 1450 rerum

877 1467 1042 1499 varietate
1062 1467 1220 1499 miranda.

840 1524 911 1554 cap.
932 1515 979 1546 14.

839 1563 872 1595 3:
894 1563 1079 1595 libertatem
1101 1563 1152 1595 his
1173 1562 1331 1595 venalem.

840 1659 992 1698 incensis,
1020 1667 1103 1698 quae
1126 1658 1299 1690 aedificare
1320 1667 1432 1698 coepe-

838 1710 965 1789 &millii
972 1757 1132 1796 proelium
1153 1756 1363 1788 commissum.

838 1803 926 1835 infra
946 1804 974 1835 9.

838 1851 872 1884 5:
893 1851 1027 1884 fortuna
1048 1861 1119 1885 cum
1133 1852 1215 1884 duce
1228 1854 1357 1884 mutata
1367 1860 1432 1884 non

839 1903 1007 1981 61θέἑοωο
1027 1951 1133 1988 capta.

841 1997 892 2029 10:
914 1996 1061 2029 confecto
1082 1996 1168 2029 bello
1190 1995 1239 2035 (et
1259 1995 1317 2037 al.)

841 2104 911 2134 cap.
933 2094 971 2126 15
992 2094 1022 2134 (*
1044 2094 1165 2133 1-12).

837 2143 872 2175 2:
893 2146 1066 2184 suspectus
1085 2142 1169 2182 regi.

839 2192 875 2224 8:
896 2202 938 2224 110
958 2192 1096 2232 gravius
1121 2191 1157 2223 in
1177 2200 1212 2222 se
1234 2191 1433 2223 consulatur.

840 2289 892 2321 10:
919 2288 997 2328 quid
1023 2287 1064 2319 de
1085 2296 1121 2320 se
1142 2287 1306 2320 crudelius
1328 2290 1432 2320 statu-

876 2339 980 2369 erent.
