1604 2528
789 118 833 150 34

193 229 360 270 profitear,
382 232 419 262 ut
439 239 575 270 prorsus
598 239 707 262 omnes
728 231 762 262 in
783 230 979 263 sententiam
1005 239 1108 262 meam
1135 228 1247 261 statim
1268 228 1430 260 adducan-

193 281 259 317 tur,
280 278 391 310 facere
413 288 477 311 non
497 288 639 319 possum,
661 280 718 311 sed
739 280 830 311 illum
852 280 982 319 obliqua
1003 278 1151 310 oratione
1171 287 1263 310 usum
1277 277 1431 316 scribere,

193 327 226 358 in
248 336 312 366 qua
333 328 515 366 complures
536 328 733 359 indicativos
755 331 792 359 ut
812 328 952 359 inferret
972 327 1066 367 copia
1086 336 1150 357 non
1172 329 1254 364 erat,
1276 325 1441 369 memorial

193 378 376 413 teneamus;
404 385 466 416 quo
489 376 625 415 accedit,
654 376 739 415 quod
760 376 879 416 reliqui
900 376 1022 408 Iustini
1043 375 1200 416 epitomes
1221 373 1298 406 libri
1318 372 1430 404 formis

193 423 226 455 in
246 433 343 455 -ere
372 424 597 456 desinent-ibus
623 434 727 464 paene
754 428 900 464 turgent,
928 425 1135 464 quamobrem
1160 432 1217 454 eas
1240 421 1431 453 historicum

193 481 210 503 e
233 471 403 511 Sallustio,
436 472 491 511 qui
521 472 569 504 ita
600 473 688 512 loqui
720 473 861 511 amabat,
892 475 1074 504 mutuatum
1101 480 1173 503 esse
1199 470 1288 502 haud
1318 469 1430 501 dubito

193 523 351 553 statuere.

271 569 311 600 In
343 570 535 601 declinando
567 570 726 601 vocabulo
759 569 927 609 ,Perseus⁸
959 569 1104 608 Trogum
1136 578 1156 600 a
1187 568 1269 599 trita
1303 566 1430 598 dicendi

192 617 323 649 ratione
344 618 521 649 recessisse
543 617 689 649 Reckius
700 617 723 657 ¹)
746 621 856 650 monet
870 618 972 649 verba
993 617 1131 649 faciens:
1154 616 1262 647 Wenn
1283 625 1348 647 nun
1369 624 1431 655 gar

196 675 259 697 von
280 665 423 698 Perseus
446 667 504 698 der
525 666 708 699 Accusativ
729 666 855 699 Persen
876 666 981 698 heisst
994 665 1185 698 XXXVIII
1197 665 1269 704 6‚4,
1292 673 1327 696 so
1341 664 1431 696 kann

194 714 283 746 diese
304 714 579 755 Bildungsweise,
601 725 695 747 wenn
716 726 791 747 man
812 716 903 747 nicht
925 719 1010 747 etwa
1032 716 1094 747 den
1120 714 1151 747 N
1154 713 1329 752 othbehelf,
1351 713 1428 744 dass

193 762 245 793 ein
266 762 456 795 Nominativ
477 763 598 795 Perses
620 765 843 796 anzunehmen
865 764 922 803 sei,
943 764 1004 795 wie
1026 773 1062 795 er
1083 764 1136 794 bei
1151 762 1217 794 Cic.
1234 762 1307 794 Cat.
1322 761 1374 794 IV
1393 761 1431 792 10

193 811 292 851 steht,
324 812 437 851 gelten
464 811 575 844 lassen
602 813 679 851 will,
711 822 773 844 nur
794 812 847 844 fiir
869 813 1003 844 abnorm
1025 812 1154 844 erklart
1174 811 1315 849 werden,
1349 819 1431 849 quae

195 860 362 891 sententia
376 860 473 899 plane
488 860 665 892 refutanda
683 864 742 892 est.
775 861 899 893 Nomen
921 861 1005 892 enim
1019 861 1108 900 regis
1128 860 1217 892 illius
1232 858 1432 890 Macedonici

193 907 257 939 iam
280 907 459 940 Sallustius
482 909 611 941 casibus
634 909 680 941 sic
701 909 898 941 immutavit:
921 918 998 948 gen:
1014 908 1141 948 Persi³)
1164 909 1239 940 hist.
1253 908 1272 939 I
1287 908 1305 939 6
1328 906 1431 946 (geni-

192 956 297 987 tivum
311 956 447 988 formam
462 958 624 989 secundae
640 958 870 989 declinationis
886 957 1048 997 ‚Perseus‘
1071 958 1162 997 sequi
1181 957 1278 989 iussit
1300 956 1429 999 signum

193 1005 242 1042 ,ei‘
257 1005 290 1036 in
305 1005 316 1036 i
331 1009 534 1038 contractum
550 1007 698 1045 affigens,
720 1010 757 1038 ut
776 1007 892 1038 Livius
908 1007 1072 1038 declinare
1088 1007 1197 1045 solet),
1220 1015 1289 1037 acc:
1304 1005 1431 1036 Persen

193 1052 266 1091 Iug.
288 1053 336 1091 81,
360 1054 373 1084 1
398 1053 473 1085 hist.
495 1054 547 1086 IV
562 1056 610 1093 61,
630 1055 659 1093 7,
681 1055 755 1086 abl>
772 1055 875 1085 Perse
898 1054 971 1086 Cat.
993 1055 1041 1094 51,
1063 1055 1082 1086 5
1104 1055 1279 1093 eodemque
1300 1056 1429 1084 tantum

193 1101 285 1132 modo
309 1104 408 1132 antea
430 1101 546 1133 Cicero
578 1103 702 1143 primae
734 1103 962 1135 declinationis
1001 1103 1248 1135 terminationes
1279 1101 1430 1142 protulit:

194 1149 326 1186 Perses.
342 1160 390 1189 ae,
415 1161 463 1189 ae,
485 1161 535 1190 en,
557 1161 574 1183 e
590 1153 648 1191 (a),
664 1152 718 1190 e³).
745 1152 828 1183 Illas
847 1153 968 1183 formas
989 1153 1169 1184 instructas
1190 1152 1313 1191 primae
1335 1150 1431 1182 decli-

193 1199 336 1230 nationis
363 1200 647 1232 terminationibus
680 1210 749 1231 cum
781 1210 821 1232 ne
848 1202 1071 1240 probatissimi
1098 1200 1226 1240 quidem
1252 1201 1430 1240 scriptores

193 1246 309 1291 vitent,
331 1247 476 1279 incertus
498 1249 628 1287 haereo,
650 1252 758 1280 utrum
781 1258 798 1280 e
820 1248 979 1280 Sallustio
1002 1249 1159 1280 asciverit
1173 1248 1303 1288 Trogus
1326 1257 1367 1280 an
1389 1247 1431 1278 ad

195 1294 323 1327 dicendi
338 1298 603 1329 consuetudinem
618 1307 690 1329 sese
705 1298 933 1338 applicaverit,
953 1307 1035 1337 quae
1050 1307 1089 1329 ex
1105 1297 1262 1329 Cicerone
1270 1296 1430 1328 manavit.

276 1344 398 1375 Eodem
430 1346 522 1376 modo
554 1349 653 1385 atque
685 1345 875 1377 Sallustium
907 1346 1093 1386 Pompeium
1126 1345 1272 1385 Trogum
1304 1355 1430 1385 quoque

194 1393 404 1424 substantiva
426 1394 597 1426 abstracta
617 1394 739 1434 plurali
759 1403 891 1426 numero
919 1395 1040 1427 dixisse
1062 1394 1217 1434 videmus,
1245 1394 1361 1434 quibus
1389 1395 1430 1425 ab

193 1442 392 1482 usurpandis
426 1452 617 1482 quamquam
650 1444 733 1475 alios
766 1443 943 1483 scriptores
975 1443 1140 1482 classicos,
1173 1443 1227 1483 qui
1258 1446 1429 1482 vocantur,

193 1491 349 1531 imprimis
377 1491 576 1528 Ciceronem,
604 1492 756 1523 Sallustii
782 1492 959 1530 aequalem,
985 1501 1188 1531 nequaquam
1219 1491 1429 1523 abhorruisse

194 1540 282 1571 haud
296 1539 422 1578 ignoro,
449 1542 558 1571 tamen
580 1549 619 1571 ex
642 1540 860 1577 similitudine,
884 1549 966 1579 quae
988 1540 1076 1571 inter
1096 1543 1227 1572 nostros
1249 1542 1351 1576 extat,
1373 1539 1431 1570 ali-

196 1588 272 1627 quid
292 1588 376 1619 lucri
397 1588 598 1626 quaestionis
620 1597 720 1619 causa
740 1588 811 1619 fieri
832 1591 951 1627 potest.
984 1587 1130 1619 Pluralis
1150 1588 1255 1626 igitur
1275 1597 1427 1619 numerus

195 1638 384 1675 usurpatur,
406 1639 444 1666 ut
465 1636 627 1674 significet

354 1685 384 1723 1)
408 1685 575 1724 complura
596 1694 720 1724 genera
742 1685 940 1716 substantivi
962 1685 1137 1716 abstracti:

195 1743 220 1765 c.
243 1734 314 1773 7‚5:
338 1734 549 1765 difficultates
848 1733 886 1765 cf.
910 1733 990 1765 Sall.
1013 1733 1033 1764 l.
1055 1733 1118 1764 iam
1141 1742 1241 1773 supra
1262 1734 1282 1765 1.

274 1785 332 1813 aut
353 1781 385 1820 2)
417 1782 572 1821 actiones,
595 1782 810 1821 condiciones,
833 1782 1011 1813 animorum
1033 1781 1186 1820 quosdam
1208 1782 1354 1821 habitus,
1378 1782 1432 1821 qui

195 1831 314 1861 iterum
337 1840 374 1861 ac
397 1831 527 1870 saepius
549 1834 759 1870 repetuntur:

194 1880 222 1918 6,
245 1879 276 1910 7:
298 1879 404 1918 legem
427 1879 581 1910 odiorum.
843 1878 944 1918 Apud
967 1877 1046 1909 Sall.
1063 1878 1275 1910 inveniuntur
1296 1879 1429 1917 gaudia:

891 1927 964 1958 Cat.
986 1927 1072 1966 61,9.
1094 1927 1167 1966 Iug.
1188 1927 1216 1966 2,
1227 1927 1255 1959 4.

277 1978 335 2006 aut
356 1976 387 2013 3)
412 1975 495 2014 quod
516 1976 662 2014 pertinet
683 1976 724 2006 ad
745 1975 912 2014 complura
933 1978 1096 2006 concreta:

274 2092 282 2110 ¹
316 2094 411 2122 Recke
433 2093 452 2122 1.
473 2094 492 2122 l.
524 2103 541 2122 ⁷.
563 2093 590 2123 5.

271 2095 294 2169 23
316 2132 350 2160 cf.
373 2131 487 2160 Charis.
508 2102 576 2160 iliist.
598 2133 672 2168 grtc.
693 2131 707 2160 1
729 2131 755 2168 (Ι
775 2141 802 2169 p.
825 2131 870 2165 68,
892 2132 928 2161 19
948 2133 1022 2169 grtc.
1044 2131 1095 2160 lat.
1117 2131 1153 2160 ed
1173 2131 1261 2168 Keil).

321 2179 355 2199 ex
377 2169 491 2199 Charis.
512 2171 573 2199 arte
595 2172 670 2206 grtc.
694 2171 817 2207 excerpt.
842 2170 868 2206 (1
888 2180 914 2207 p.
938 2170 1002 2204 541,
1017 2171 1053 2200 39
1076 2169 1122 2207 Κ.)

324 2208 410 2237 Prob.
432 2208 539 2236 cathol.
560 2208 574 2236 1
596 2208 632 2244 (V
662 2218 680 2237 1.
702 2208 746 2242 24,
761 2208 807 2237 28.
829 2218 857 2245 p.
875 2208 920 2244 28,
937 2208 972 2237 18
992 2208 1050 2244 K).

275 2247 296 2283 ιιι)
318 2246 402 2312 Οοῐίῐ.
424 2245 512 2311 Lfflss‘
534 2245 640 2274 Schnei
663 2255 694 2274 er
714 2246 921 2275 Formenlehre
942 2246 992 2274 der
1012 2246 1064 2274 lat.
1079 2245 1206 2281 Sprache
1226 2245 1325 2273 Berlin
1348 2244 1430 2272 1819.

321 2292 429 2359 Zumpjt
445 2321 496 2351 lat.
520 2320 619 2350 Grtkfi
637 2330 664 2358 p.
687 2322 732 2356 50,
747 2322 774 2351 4.

323 2360 450 2391 Billroth
469 2360 522 2391 lat.
541 2359 710 2398 Schulgrtk.
732 2361 748 2399 ξ
769 2360 815 2396 65,
837 2360 851 2389 1
873 2369 903 2399 p.
923 2359 969 2390 66.
