1604 2528
555 298 605 350 Α.
644 298 860 350 Veterum
898 299 1072 352 iudicia.

276 493 400 524 Justin.
416 492 607 526 XXXVIII
622 495 649 532 3,
666 493 716 525 11:
754 493 884 532 Trogus
907 517 913 524 .
936 518 942 524 .
966 518 972 524 .
993 493 1027 524 in
1047 493 1144 525 Livio
1166 495 1199 524 et
1219 493 1252 524 iu
1274 492 1442 531 Sallustios
1464 498 1484 522 „1

196 543 419 581 reprehendit,
447 544 532 582 quod
558 544 725 574 contiones
752 543 895 574 directas
921 552 981 582 pro
1009 552 1068 574 sua
1090 543 1237 574 oratione
1259 542 1351 582 operi
1371 550 1430 584 suo
1471 542 1484 587 J

196 591 370 622 inserendo
391 591 550 622 historiae
571 592 699 623 modum
721 591 931 622 excesserint.

281 638 393 670 Senec.
409 649 534 670 suasor.
548 639 598 671 VI
613 639 649 670 21
668 640 730 677 (ed.
745 639 900 677 Kiessl.):
921 639 1081 679 Quotiens
1095 639 1205 678 magni
1219 639 1356 670 alicuius
1370 639 1436 673 uiri
1481 642 1483 644 ’

198 696 284 717 mors
307 688 347 717 ab
374 688 540 718 historicis
572 691 710 718 narrata
741 691 800 726 est,
832 688 931 718 toties
963 688 1033 719 fere
1065 688 1298 718 consummatio
1329 687 1433 719 totius
1470 692 1481 712 -’

198 735 288 766 uitae
310 738 344 766 et
365 736 459 774 quasi
479 735 627 766 funebris
648 736 795 767 laudatio
817 736 975 767 redditur.
1003 736 1063 766 hoc
1095 735 1195 767 semel
1226 738 1284 767 aut
1314 735 1433 767 iterum
1477 747 1479 749 ¹

200 795 219 816 a
241 784 431 824 Thucydide
453 785 585 823 factum,
616 784 693 816 item
720 785 753 816 in
784 785 988 825 paucissimis
1019 784 1168 824 personis
1201 787 1392 824 usurpatum
1414 793 1434 815 a
1473 805 1481 809 -

200 833 369 871 Sallustio,
385 832 422 862 T.
438 832 553 862 Liuius
575 833 749 871 benignius
772 834 917 864 omnibus
938 835 1066 872 magnis
1081 834 1162 865 uiris
1176 833 1362 873 praestitit3
1385 842 1433 864 se-

200 885 338 920 quentes
360 881 508 912 historici
529 883 630 913 multo
652 883 685 913 id
707 882 840 913 effusius
862 882 1019 913 fecerunt.

279 948 317 951 —
338 933 481 969 exem-‚pt
498 934 642 961 controv
658 930 716 961 ΙΙΙ
730 931 833 970 praef.
848 931 921 970 8(p.
937 931 1004 969 243,
1016 930 1084 969 22):
1101 931 1266 962 orationes
1282 930 1443 973 Sallustii?
1470 972 1473 974 Β
1514 939 1517 941 ·

198 977 232 1007 in
254 978 407 1008 honorem
429 977 640 1008 llist()1‘a·it111111
663 977 827 1016 leguntui.

278 1042 317 1046 —
338 1029 539 1056 controvers
560 1025 611 1055 IX
632 1026 738 1065 24,13
758 1036 825 1065 sqq.
849 1027 892 1066 (p.
908 1026 975 1064 398,
999 1027 1063 1063 16):
1085 1026 1148 1065 Do,
1164 1027 1278 1066 inquit,
1293 1034 1435 1066 operam,

200 1076 236 1103 ut
251 1082 321 1103 cum
337 1074 467 1112 optimis
490 1074 661 1105 sententiis
682 1077 813 1113 certem,
840 1083 900 1105 nec
919 1075 994 1105 illas
1020 1084 1227 1114 corrumpere
1248 1083 1355 1110 conor.
1377 1074 1435 1106 sed
1455 1083 1457 1085 ’

200 1121 342 1153 uincere.
358 1122 450 1152 Tunc
463 1123 577 1153 deinde
589 1123 704 1153 retulit
720 1123 860 1161 aliquam
873 1122 1075 1162 Thucydidis
1087 1124 1298 1155 sententiam:
1310 1114 1437 1154 δειναὶ

201 1173 279 1222 γὰρ
300 1173 343 1210 αἱ
366 1173 574 1223 εὐπραξίαι
603 1174 828 1226 συγκρύψαι
854 1173 920 1212 καὶ
949 1176 1159 1213 συσκιάσαι
1187 1176 1232 1214 τὰ
1259 1176 1435 1214 ἑκάστων

203 1228 475 1279 ἁμαρτήματα,
497 1235 613 1267 deinde
630 1235 881 1267 Sallustianam:
903 1245 958 1267 res
980 1237 1142 1269 secundae
1156 1237 1236 1269 mire
1255 1239 1332 1269 sunt
1345 1236 1435 1269 uitiis

202 1287 359 1325 optentui.
396 1296 465 1317 cum
494 1287 537 1317 sit
563 1286 740 1325 praecipua
771 1286 803 1317 in
826 1285 1016 1325 Thucydide
1048 1287 1155 1318 uirtus
1185 1288 1344 1326 breuitas,
1374 1286 1436 1318 hac

202 1344 271 1366 eum
312 1334 490 1365 Sallustius
523 1334 601 1365 uicit
634 1338 668 1365 et
698 1334 731 1365 in
764 1334 830 1365 suis
861 1334 951 1365 illum
984 1335 1103 1366 castris
1135 1336 1265 1374 cecidit;
1297 1344 1369 1366 nam
1394 1329 1436 1366 'in

201 1384 366 1414 sententia
388 1384 519 1413 Graeca
540 1386 607 1413 tam
638 1383 731 1414 breui
762 1383 864 1413 habes
896 1391 978 1420 quae
1011 1383 1103 1414 saluo
1135 1392 1232 1414 sensu
1264 1382 1432 1414 detrahas:

202 1433 292 1464 deme
314 1433 367 1464 uel
390 1425 613 1477 συγκρύψαι
642 1432 695 1464 uel
717 1425 941 1474 συσκιάσαι,
970 1433 1060 1465 deme
1088 1425 1279 1464 ἑκάστωντ
1307 1435 1436 1464 consta-

201 1483 250 1513 bit
276 1491 401 1522 sensus,
435 1483 563 1513 etiamsi
589 1492 652 1513 non
674 1491 775 1520 aeque
797 1485 953 1521 comptus,
975 1492 1077 1521 aeque
1104 1486 1213 1513 tamen
1233 1483 1372 1521 integer.
1400 1485 1436 1512 at
1461 1516 1467 1519 g

202 1540 242 1561 ex
265 1525 417 1561 Sallustii
445 1531 611 1561 sententia
637 1530 718 1561 nihil
746 1529 828 1560 demi
856 1530 925 1560 sine
953 1530 1148 1561 detrimento
1176 1539 1291 1562 sensus
1316 1532 1435 1570 potest.

203 1578 239 1609 T.
263 1582 371 1609 autem
394 1579 508 1609 Liuius
530 1582 596 1609 tam
629 1578 758 1616 iniquus
781 1576 939 1608 Sallustio
961 1577 1033 1614 fuit,
1064 1581 1102 1609 ut
1122 1578 1206 1609 hanc
1238 1578 1343 1617 ipsam
1365 1587 1435 1619 sen-

202 1627 339 1657 tentiam
361 1630 395 1657 et
416 1630 578 1665 tamquam
601 1626 798 1657 translatam
814 1629 847 1656 et
862 1629 1024 1665 tamquam
1039 1630 1225 1666 corruptam
1240 1626 1314 1658 dum
1329 1629 1436 1658 trans-

202 1677 308 1706 fertur
331 1675 474 1706 obiceret
497 1675 664 1706 Sallustio.
687 1683 746 1705 uec
767 1674 827 1705 hoc
843 1683 952 1705 amore
967 1674 1167 1715 Thucydidis
1182 1675 1272 1714 facit,
1293 1678 1330 1707 ut
1344 1675 1436 1707 illum

204 1733 243 1762 pr
246 1725 383 1762 aes-ciat,
406 1725 463 1755 sed
485 1725 599 1755 laudat
622 1734 713 1762 quem
736 1733 799 1754 non
815 1724 908 1754 timet
929 1727 962 1754 et
982 1724 1111 1755 facilius
1132 1727 1228 1763 putat
1249 1733 1345 1764 posse
1366 1734 1386 1755 a
1401 1733 1435 1756 se
1467 1748 1470 1749 γ

203 1772 395 1803 Sallustium
418 1773 513 1808 uinci
536 1773 563 1803 si
586 1775 663 1803 ante
685 1782 705 1803 a
726 1771 917 1810 Thucydide
938 1771 1099 1803 uincatur.

280 1830 408 1852 —exc
424 1824 526 1853 contr
542 1820 593 1852 IX
610 1822 623 1852 1
642 1820 683 1860 (p.
698 1820 765 1858 449,
777 1819 825 1857 4).
848 1819 954 1851 Multa
969 1829 1006 1851 01
1008 1823 1129 1859 atores
1143 1820 1303 1860 historici,
1318 1802 1436 1861 poetae

201 1870 341 1901 Romani
368 1879 387 1900 a
414 1869 552 1900 (ri-aeds
585 1870 674 1901 dicta
704 1877 769 1899 non
800 1868 1044 1907 subripuerunt,
1076 1869 1133 1900 sed
1163 1872 1436 1908 prouocauerunt.

201 1918 403 1956 Thucydidis
424 1943 430 1949 .
454 1943 459 1949 .
483 1943 489 1949 .
513 1918 692 1948 Sallustius
714 1920 774 1947 etc.

281 1966 367 1998 Vell.
390 1965 519 1997 Patere.
541 1966 578 1997 11
600 1966 649 2003 36,
663 1965 697 1996 2:
718 1965 781 1996 iam
796 1973 900 2004 paene
916 1973 1194 2004 supervacaneum
1208 1966 1313 1998 videri
1326 1969 1438 2007 potest

202 2015 408 2046 eminentium
432 2015 635 2053 ingeniorum
661 2017 778 2045 notare
810 2017 966 2052 tempora.
1009 2012 1090 2052 Quis
1122 2013 1206 2045 enim
1237 2014 1371 2053 ignorat
1391 2015 1461 2047 ‹li-⁷
1502 2027 1505 2029 “
1589 2020 1598 2027 Α

201 2067 345 2103 remptos
367 2064 526 2101 gradibus
548 2063 669 2094 aetatis
684 2062 834 2093 floruisse
852 2062 912 2092 hoc
927 2065 1072 2101 tempore
1095 2087 1191 2093 .....
1214 2064 1437 2102 aemulumque

203 2111 405 2151 Thucydidis
428 2110 642 2142 Sallustium?

283 2161 396 2192 Senec.
419 2161 514 2200 epist.
541 2160 654 2191 moral.
676 2159 761 2190 XIX
782 2159 800 2190 5
828 2158 922 2198 (114),
945 2159 995 2190 16:
1041 2159 1095 2191 Sic
1117 2158 1277 2192 Sallustio
1303 2161 1437 2201 vigente

203 2213 392 2249 amputatae
415 2209 599 2240 sententiae
627 2212 661 2240 et
681 2209 782 2240 verba
811 2210 886 2239 ante
909 2211 1133 2247 exspectatum
1155 2208 1307 2241 cadentia
1328 2214 1362 2242 et
1383 2211 1437 2243 ob-

202 2268 300 2292 scura
320 2258 467 2290 brevitas
489 2259 582 2290 fuere
604 2266 662 2298 pro
685 2257 784 2288 cultu.
