1604 2528
187 199 379 239 XXXVIII
401 206 430 246 7,
454 207 503 238 10:
526 210 663 246 propter
676 208 777 239 muni-

225 256 388 287 ficentiam
415 255 581 295 adquisita
607 256 777 295 possideat

224 305 417 345 Bosporum.

338 637 510 670 XXXVII
531 638 559 676 3,
580 638 612 668 3:

180 686 310 718 Auctus
342 687 444 725 igitur
474 687 600 718 viribus
631 686 771 717 Pontum

221 744 346 775 quoque
369 745 407 766 ac
428 735 580 774 deinceps
601 734 770 774 Cappado-

220 785 302 816 ciam
324 784 505 824 occupavit.

180 833 372 865 XXXVIII
393 834 421 872 2,
443 834 474 864 3:
502 842 543 863 ne
560 832 770 864 Mithridates

220 882 406 913 accessione
420 881 649 920 Cappadociae
672 881 770 912 etiam

217 930 410 970 Bithyniam
460 930 627 961 finitimam
680 930 770 960 inva-

219 979 312 1010 deret
334 1004 340 1010 .
364 1004 370 1010 .
393 1004 400 1010 .

178 1045 217 1049 —
238 1028 280 1060 ib.
302 1028 330 1066 3,
352 1027 387 1061 4:
410 1027 603 1060 Nicomedes
623 1036 726 1065 regno
749 1036 769 1058 a

217 1077 410 1108 Mithridate
431 1077 576 1116 pellitur.

323 1125 514 1158 XXXVIII
536 1125 565 1163 8,
586 1126 617 1156 8:

177 1174 303 1214 Quibus
325 1174 563 1206 confluentibus
585 1174 700 1206 obvius
721 1174 766 1205 le-

214 1224 303 1262 gatis
342 1224 576 1262 Romanorum,
622 1223 766 1262 Scipioni

212 1272 374 1303 Africano
406 1276 440 1303 et
467 1272 585 1312 Spurio
614 1272 764 1303 Mummio

213 1324 246 1352 et
267 1321 305 1353 L.
327 1321 470 1360 Metello,
498 1321 552 1360 qni
579 1321 621 1352 ad
649 1321 764 1360 aspici-

212 1370 297 1400 enda
336 1370 494 1401 sociorum
535 1379 640 1408 regna
673 1370 761 1401 veni-

212 1420 321 1458 ebant,
341 1419 490 1459 procedit
504 1428 547 1451 sc.
562 1418 760 1450 Ptolmaeus.

839 208 905 247 καὶ
935 207 1147 258 Βοσπόρου
1177 208 1342 261 κατέστη
1364 210 1428 248 κό-

834 276 926 315 ριος
955 276 1034 313 παρ
1096 263 1259 309 ἑκόντος
1293 264 1428 319 λαβὼν

836 319 1068 368 Παρισαοου
1094 321 1162 356 τοῦ
1187 319 1426 370 κατέχοντος.

840 372 908 411 ΤΙ
884 390 906 416 ς
930 372 1084 411 ἐκείνου
1107 373 1157 425 δὴ
1183 375 1251 411 τοῦ
1273 375 1426 426 χρόνου

833 430 915 474 τοῖς·
946 430 1014 466 τοῦ
1059 427 1273 479 Βοσπόρου
1311 431 1425 469 (ἳυνοῖ-

835 497 945 528 σταις
972 484 996 535 ἡ
1027 487 1101 522 τῶν
1126 482 1180 522 λ’
1162 497 1424 537 ερρονησιτων

833 539 947 583 πόλις
985 539 1162 590 ὑπήκοος
1205 539 1324 592 μέχρι
1359 542 1422 578 νῦν

833 592 925 631 ἐστι.

990 654 1030 676 ex
1050 646 1166 686 fragm.
1187 647 1235 678 41

834 695 1028 741 Βασιλεὺς
1060 697 1302 750 Μιι9ριοατης
1328 712 1422 749 κρα-

852 752 892 789 εἷ
928 765 1003 801 μεν
1036 751 1216 798 Βιθυνίας
1251 752 1318 791 καὶ
1356 756 1426 805 τῆς

832 819 914 843 ανω
946 805 1245 856 Καππαοοκίας.
1288 810 1428 858 κρατεῖ

832 860 880 897 οὲ
901 863 971 912 τῆς·
984 866 1161 913 συνεχῶς
1178 862 1306 906 Ῑσίας
1323 864 1421 900 ἁπα-

832 929 908 966 σης·
952 914 1042 966 ἄχρι
1078 916 1312 967 Παμφυλίας
1355 916 1421 955 καὶ

831 968 1012 1013 Ιιίλικίας.

827 1128 943 1167 fragm.
958 1129 1039 1160 13=
1046 1128 1133 1161 Plut
1141 1129 1256 1162 Moral.
1268 1140 1298 1170 p.
1310 1130 1416 1162 777A.

828 1179 905 1219 lia?
937 1181 1103 1220 Σκιπίων
1133 1182 1416 1250 μετεπέμψατο

828 1235 1088 1283 ΙΙαναι’τ-ιον,(7
1063 1250 1128 1274 οτε
1144 1236 1207 1274 αὖ
1196 1237 1259 1274 τὸν
1278 1238 1303 1289 ἡ
1327 1238 1416 1287 00⁷7-

825 1290 967 1342 κλητος
994 1290 1220 1344 ἐξέπεμψεν

885 1345 1117 1395 Λνθρώπων
1144 1346 1253 1398 υβριν
1273 1360 1315 1384 τε
1350 1346 1416 1384 καὶ

933 1399 1115 1454 εὐνομίην
1136 1400 1342 1452 ἐφορῶντα

823 1454 881 1500 ὥς
899 1468 993 1507 φησι
1011 1456 1285 1501 Ποσειδώνιος.

252 1516 345 1555 Quae
377 1517 462 1556 quod
493 1525 533 1547 ex
564 1516 740 1546 Posidonio
772 1515 905 1546 fluxisse
936 1516 1115 1548 Muellerus
1147 1517 1188 1548 ad
1216 1518 1246 1548 h.
1267 1517 1288 1549 l.
1315 1521 1412 1557 putat

172 1565 269 1596 valde
291 1564 401 1602 miror,
423 1574 493 1595 cum
514 1573 578 1594 non
600 1567 667 1594 tam
688 1563 899 1594 tenuissimus
928 1564 972 1595 sit
993 1574 1169 1596 consensus
1193 1575 1287 1604 quam
1307 1566 1412 1597 locum

171 1613 258 1651 apud
280 1612 416 1643 eundem
440 1612 655 1642 Plutarchum
678 1611 803 1648 (moral.
825 1620 855 1649 p.
870 1611 928 1642 200
942 1612 994 1650 E.)
1018 1616 1183 1644 servatum
1206 1613 1410 1652 apposuerit:

170 1663 446 1714 ἐκπεμφθέντα
476 1661 639 1700 (ἳάὐτὸν
674 1661 747 1700 ὑπὸ
779 1664 851 1713 τῆς
875 1662 1029 1715 βουλῆς
1056 1662 1192 1714 τρίτον,
1223 1664 1281 1708 ὥς·
1316 1677 1410 1716 φησι

171 1717 443 1770 Κλειτόμαχος·

271 1772 505 1823 Ἀνῦρώπων
535 1773 692 1811 πόλεών
723 1786 762 1811 τε
791 1772 862 1812 καί
886 1772 1066 1825 εὐνομίην
1099 1772 1316 1824 ἐφορῶντα,

167 1834 252 1866 unde
285 1844 327 1866 an
359 1838 450 1866 recte
482 1844 546 1866 non
573 1835 716 1874 largitus
744 1835 788 1867 sit
819 1834 964 1867 dubitari
989 1837 1107 1874 potest.
1150 1834 1186 1866 Si
1207 1835 1290 1867 enim
1311 1836 1409 1868 istum

166 1893 297 1915 versum
328 1882 524 1914 Clitomachi
547 1893 618 1914 esse
641 1887 674 1914 et
696 1889 872 1924 suppresso
894 1883 1021 1914 nomine
1043 1884 1152 1923 priore
1185 1884 1255 1916 loco
1277 1894 1296 1916 a
1317 1885 1408 1917 Posi-

166 1932 261 1963 donio
276 1932 407 1963 laudari
429 1932 508 1963 dicit
528 1933 679 1964 reiiciens
698 1933 727 1964 L
729 1933 881 1972 yndeni¹)
897 1942 956 1972 pro
980 1924 1058 1963 Κλ·
1031 1927 1253 1978 ειτόμαχος
1270 1927 1376 1965 ΙΙοσε
1380 1941 1408 1965 ι-

167 1975 313 2020 οώνιος
332 1982 506 2021 probante
516 1981 637 2013 Bakio
634 1982 657 2020 ·)
680 1983 870 2022 reponentis
892 1981 1126 2013 correctionem
1141 1990 1246 2014 nonne
1272 1992 1288 2014 e
1305 1981 1406 2014 Clito-

169 2030 283 2062 macho
314 2031 384 2070 ipso
415 2031 559 2069 Trogum
592 2031 760 2063 derivasse
792 2041 924 2063 versum
955 2031 1104 2071 accipere
1135 2032 1239 2070 malis,
1272 2041 1406 2071 quocum

164 2079 234 2110 solo
256 2078 378 2110 Iustini
398 2079 503 2109 verba
524 2079 769 2110 similitudinem
790 2082 984 2110 monstrant.
1027 2079 1188 2119 Quoniam
1207 2089 1286 2111 vero
1301 2083 1405 2111 totum

162 2128 268 2160 locum
301 2126 504 2159 Clitomacho
536 2137 593 2159 cur
626 2128 846 2160 abiudicemus
878 2138 978 2160 causa
1014 2137 1078 2160 non
1109 2127 1272 2168 videtur²¹)
1306 2130 1404 2168 atque

242 2265 262 2301 ¹)
284 2265 320 2294 de
341 2264 481 2294 Panaetio
497 2263 609 2293 Rhodio
624 2264 719 2294 Stoico
734 2264 904 2303 philosopho
918 2265 1401 2304 Lugd.Batav.1802p.43—45.

240 2304 262 2340 ²)
283 2302 431 2332 Posidonii
444 2302 551 2331 Rhodii
564 2303 702 2340 reliquiae
717 2303 865 2333 doctrinae
885 2303 979 2342 Lugd.
990 2305 1093 2335 Batav.
1106 2303 1189 2335 1810.
1200 2275 1402 2342 p.1'54-156.

239 2343 262 2381 ²³)
283 2340 430 2379 Scheppig
449 2340 505 2370 1.1.
525 2348 552 2378 p.
575 2340 621 2370 33.
