1604 2528
731 66 819 110 '“7-12.
870 61 887 91 2'

151 230 154 231 ⁷
179 211 181 213 .
228 184 345 219 bratae
375 184 499 220 formae
529 185 643 228 procul
671 183 778 221 vison-

85 230 317 277 ‡''-.5tibu1
458 235 460 237 ’
701 247 704 249 ·
775 244 778 247 ’

191 280 383 324 sequuntur:
464 323 467 326 Δ

172 376 175 378 -
228 333 313 366 unde
329 336 369 367 *et
387 336 624 367 monstruosam
639 332 779 378 speciem

168 393 171 396 ⁴
229 381 361 414 fabulae
371 382 422 414 illi
435 381 596 415 dederunt
607 377 702 422 quasi
713 380 778 413 for-

227 439 311 462 mam
324 431 472 471 hominis,
493 431 619 463 caninis
635 430 777 462 succinc-

228 482 296 511 tam
317 480 488 520 capitibus,
510 479 586 519 quia
605 478 713 512 collisi
731 478 778 512 ibi

227 527 345 563 fluctus
369 529 515 561 latratus
526 528 529 530 ’
539 528 694 562 videntur
724 537 776 561 ex·

226 577 376 617 primm-e,
474 615 477 616 ⁷

191 634 274 665 quae
294 626 397 657 verba
417 634 475 657 cur
503 624 708 658 Sallustiana
728 635 800 658 esse
830 628 930 666 neget
960 626 1150 659 Dietschius
1181 627 1328 667 profecto
1358 636 1423 661 non

190 673 315 712 videns,
336 676 445 705 tamen
466 674 581 707 omisit.
622 673 783 708 Attamen
804 684 821 708 e
844 675 1064 715 similitudine,
1096 685 1179 716 quae
1211 679 1304 710 extat
1334 677 1422 711 inter

146 730 148 732 ’
191 730 231 755 ea
252 724 286 755 et
306 720 410 763 Trogi

377 798 380 799 γ
833 775 851 814 ἓ
865 774 915 807 13:
936 774 1011 807 hinc
1021 774 1125 814 igitur
1135 774 1267 807 fabulae
1278 774 1422 815 Scyllam

872 827 906 856 et
933 824 1125 864 Charybdin
1144 833 1317 865 peperere;
1345 825 1421 857 hinc

22 896 37 917 ζ.
62 907 69 912 „
871 874 1014 907 latratus
1036 874 1177 913 auditus,
1198 874 1274 906 hinc
1284 875 1421 907 monstri

15 917 70 962 ξ
871 923 997 955 credita
1018 924 1201 962 simulacra,
1228 924 1303 955 dum
1328 924 1419 956 navi-

33 974 41 977 ”
870 975 988 1012 gantes
1013 973 1142 1012 magnis
1162 973 1342 1005 verticibus
1363 982 1417 1013 pe-

0 997 33 1072 }
868 1022 938 1061 lagi
949 1022 1127 1053 desidentis
1134 1022 1285 1053 exterriti
1290 1022 1418 1053 latrare

19 1073 37 1078 ²
867 1074 988 1111 putant
1008 1071 1122 1110 undas,
1149 1080 1230 1111 quas
1251 1071 1416 1104 sorbentis

0 1130 35 1141 *-
868 1123 980 1153 aestus
1001 1129 1143 1160 vorrago
1164 1120 1309 1157 conlidit,

188 1167 303 1207 quivis,
327 1167 450 1208 opinor,
479 1171 594 1207 sponte
614 1168 796 1208 intelleget,
823 1169 857 1199 in
877 1168 999 1200 Isidori
1019 1169 1129 1201 verbis
1149 1169 1238 1200 haud
1257 1169 1417 1209 improba-

185 1217 297 1249 biliter
323 1216 439 1255 latere,
467 1226 549 1256 quae
575 1217 614 1249 de
640 1217 825 1249 fabularum
849 1217 981 1249 illarum
1007 1218 1134 1257 origine
1162 1217 1342 1250 Sallustius
1363 1227 1416 1249 ex-

0 1269 49 1300 Ξῖ
184 1265 367 1305 minaverit,
389 1269 426 1298 ut
446 1266 506 1298 hoc
527 1275 652 1306 quoque
672 1266 743 1298 loco
765 1266 834 1298 eius
856 1266 1036 1298 studiosum
1049 1265 1151 1298 fuisse
1166 1266 1311 1307 Trogum
1323 1266 1416 1300 *satis

0 1318 32 1349 ξεῖ
185 1323 305 1353 magna
326 1315 397 1347 veri
418 1316 525 1354 specie
546 1315 660 1347 coniici
679 1315 785 1355 possit
793 1315 825 1353 ¹).

0 1364 40 1400 ἐχ
265 1362 346 1395 Cum
366 1363 423 1395 illo
445 1363 557 1402 Trogi,
579 1364 630 1395 eui
651 1363 861 1402 adiungenda
882 1365 933 1394 est

831 1412 848 1451 ξ
864 1411 915 1443 15:
936 1411 1086 1452 spiritum
1106 1411 1141 1444 in
1160 1411 1293 1444 fundum
1310 1411 1417 1444 trahit

0 1490 33 1539 ζ
185 1500 333 1532 conferre
352 1500 431 1532 licet
871 1464 930 1493 etc·

0 1547 27 1580 ἰῑΐῖ
184 1549 215 1582 h.
235 1549 289 1583 IV
308 1549 360 1582 22:
383 1549 568 1591 Charybdis
589 1560 678 1583 mare
698 1560 771 1583 vor-

6 1598 35 1627 .·÷³
222 1600 368 1638 ticosum,
390 1601 475 1639 quod
495 1617 525 1622 -
547 1601 682 1632 sorbens
696 1610 772 1639 gur-

220 1644 347 1689 gitibus
367 1649 502 1680 occultis
517 1649 559 1680 ad
569 1649 685 1680 littora
704 1652 772 1680 tra-

223 1696 282 1737 hit,
289 1697 385 1729 ubise
396 1696 523 1729 laniata
528 1698 662 1738 navigia
672 1698 771 1730 fundo

223 1750 403 1785 emergunt.

184 1794 215 1826 h.
236 1794 289 1828 IV
309 1795 361 1827 20:
387 1795 509 1827 Italiae
530 1795 675 1827 Siciliam
696 1805 770 1827 con·
830 1795 881 1826 16:
901 1794 1022 1826 Italiae
1038 1794 1232 1833 Siciliaeque
1253 1794 1417 1834 vicinitas,

222 1844 365 1875 iunctam
386 1860 423 1866 —
443 1844 582 1876 altitudo
605 1844 746 1877 Siciliae.
867 1844 932 1875 iam
952 1843 1245 1882 promontoriorum
1267 1842 1416 1873 altitudo.

710 1918 713 1919 γ
830 1901 898 1931 cap.
919 1892 947 1923 2.
978 1905 982 1908 -

183 1940 213 1973 11.
234 1941 293 1973 III
313 1942 361 1980 61,
387 1942 419 1973 6:
446 1951 555 1974 omnes
581 1951 770 1974 concessere
829 1942 862 1973 3:
888 1941 1038 1980 singulae
1065 1941 1217 1973 civitates
1244 1940 1278 1971 in
1303 1943 1415 1980 tyran-

222 1991 256 2022 in
275 2001 452 2030 paucorum
473 1991 730 2023 dominationem.
869 2000 982 2022 norum
992 1990 1160 2030 imperium
1176 1993 1415 2022 concesserunt.

183 2039 210 2070 Ι.
227 2040 273 2078 18,
289 2039 339 2070 12:
361 2040 440 2071 victi
461 2049 570 2070 omnes
589 2040 623 2070 in
638 2042 769 2078 gentem
1114 2044 1117 2045 ’

222 2097 400 2128 nomenque
439 2088 658 2128 inperantium
697 2097 769 2120 con-

223 2146 361 2169 cessere.
610 2134 623 2137 ”

186 2185 222 2217 G.
243 2185 292 2224 20,
313 2185 346 2216 2:
367 2186 446 2217 fides
468 2188 626 2225 spectata.
654 2200 657 2202 ¹
828 2187 861 2218 5:
874 2188 1053 2226 spectatae
1073 2187 1149 2219 fidei

183 2234 212 2266 Ι.
226 2234 274 2275 24,
289 2235 340 2267 10:
361 2244 421 2275 per
437 2236 642 2267 maiestatem
655 2234 770 2275 inperi.
828 2236 925 2275 regni
943 2236 1157 2268 maiestatem.

263 2324 283 2362 ι)
303 2324 410 2354 Omnes
430 2324 567 2354 tenebrae
587 2325 738 2359 tolluntur,
770 2324 795 2353 si
820 2325 945 2355 alterum
970 2325 1079 2354 fontem
1109 2326 1224 2363 praeter
1245 2325 1414 2354 Sallustium

157 2404 162 2405 ⁷
184 2362 278 2403 Trogo
297 2362 446 2394 interdum
465 2362 582 2394 subesse
602 2363 794 2394 recordamur.
828 2362 896 2393 Vid.
914 2372 980 2402 pag.
1002 2364 1049 2393 51.
