1604 2528
784 105 827 137 50

193 253 194 256 Ἴ
264 216 285 248 1.
306 216 459 248 XXXIX
479 217 509 256 5,
524 218 560 249 9:
581 216 685 249 Creta
707 217 889 258 Ciliciaque
909 217 1049 258 piratico
1069 218 1157 249 bello
1177 217 1379 257 perdomitae
1393 216 1428 248 in

185 265 321 296 formam
349 267 538 305 provinciae
564 267 770 305 rediguntur.
813 268 885 307 Quo
910 267 997 298 facto
1025 270 1058 298 et
1080 266 1198 306 Syriae
1225 269 1259 297 et
1278 265 1428 305 Aegypti

185 323 290 353 regna
321 314 470 346 Romana
501 315 673 346 vicinitate
703 318 832 354 artata,
866 325 948 355 quae
980 315 1181 346 incrementa
1211 314 1251 346 de
1281 314 1426 345 finitimis

185 361 281 395 bellis
304 372 463 402 quaerere
486 364 646 402 solebant,
668 364 819 404 adempto
840 364 986 404 vagandi
1013 363 1150 396 arbitrio
1171 363 1260 396 vires
1287 372 1364 395 suas
1393 362 1427 394 in

185 412 362 451 perniciem
383 415 529 444 mutuam
544 416 780 445 converterunt
802 438 807 444 .
826 438 831 445 .
848 438 854 444 .

263 461 283 492 1.
300 460 361 491 XL
385 461 441 498 1,1
466 470 548 500 sqq:
574 462 713 501 populus
735 461 853 501 Syriae
874 461 1067 501 peregrinos
1089 470 1186 500 reges
1209 459 1270 492 sibi
1292 459 1425 491 circum-

186 509 312 548 spicere
339 511 447 550 coepit
468 535 475 542 .
498 535 504 541 .
528 536 534 541 .
558 512 642 550 quod
668 521 726 542 rex
753 511 964 542 Mithridates
985 511 1160 550 implicitus
1175 510 1261 541 bello
1277 509 1425 540 Romano

186 561 275 589 esset
299 583 305 589 .
332 581 339 588 .
365 583 372 590 .
398 568 507 590 omnes
533 559 566 590 in
594 559 772 598 Tigranem
797 569 909 598 regem
930 559 1109 590 Armeniae
1137 567 1331 590 consensere
1360 582 1366 589 .

184 605 296 645 Igitur
318 607 442 639 accitus
457 607 490 639 in
505 616 642 646 regnum
658 607 775 648 Syriae
797 617 856 647 per
877 607 909 639 X
924 611 958 639 et
972 607 1024 640 IV
1040 616 1141 639 annos
1157 606 1426 646 tranquillissimo

186 664 289 694 regno
310 656 436 695 potitus
458 660 518 688 est.

264 703 326 735 XL
347 705 375 743 2,
390 705 409 736 2
431 715 515 744 squ.:
538 705 684 744 Tigrane
710 715 729 736 a
745 705 883 736 Lucullo
905 705 992 736 victo
1014 714 1073 735 rex
1094 704 1212 744 Syriae
1233 703 1428 741 Antiochus,

186 750 342 791 Cyziceni
368 753 463 792 filius,
486 754 526 785 ab
549 754 659 784 eodem
674 753 812 784 Lucullo
835 753 1031 793 appellatur.
1074 753 1139 785 Sed
1164 753 1248 793 quod
1268 752 1426 784 Lucullus

185 800 332 840 dederat,
352 806 469 840 postea
491 802 612 833 ademit
632 801 816 841 Pompeius.

263 866 301 870 --
322 849 364 881 ib.
387 849 414 888 2,
429 850 461 881 5:
492 850 606 889 Atque
632 850 681 881 ita
703 850 833 889 Syriam
854 850 887 881 in
912 850 1099 889 provinciae
1126 849 1260 880 formam
1287 849 1427 888 redegit,

184 897 407 937 paulatimque
430 898 538 929 oriens
559 898 779 929 Romanorum
797 898 961 929 discordia
976 897 1289 936 consanguineorum
1310 906 1426 936 regum

191 946 298 976 factus
320 950 372 977 est

185 998 218 1025 et
244 995 311 1025 alia
336 995 426 1025 ultra
448 1004 567 1026 annum
594 995 685 1026 illum
711 996 808 1034 longe
835 1004 1014 1034 progressa
1041 997 1125 1025 sunt.
1169 994 1259 1033 Quas
1286 1002 1340 1025 res
1368 1003 1425 1025 suo

186 1051 267 1073 aevo
282 1046 396 1082 gestas
411 1044 561 1083 potuitne
583 1043 689 1081 ‚facile
706 1043 945 1082 subiunge1·e‘¹)
962 1042 1093 1082 Trogus
1109 1042 1208 1082 operi,
1231 1042 1349 1083 quippe
1372 1042 1426 1081 qui

184 1100 287 1130 neque
309 1101 416 1123 rerum
439 1102 476 1122 ac
498 1095 677 1131 temporum
699 1092 852 1128 ordinem,
880 1101 1099 1130 quemcunque
1126 1092 1159 1122 in
1186 1091 1277 1122 fonte
1299 1100 1356 1122 suo
1378 1091 1424 1121 in-

184 1143 331 1179 venerat,
353 1140 590 1179 permutaverit
611 1149 714 1179 neque
737 1149 796 1172 sua
818 1143 933 1180 sponte
955 1140 1056 1171 libros
1073 1149 1148 1171 suos
1170 1138 1424 1179 locupletaverit

185 1189 447 1219 accessionibus?

265 1236 390 1275 Quibus
414 1236 559 1267 omnibus
583 1237 621 1267 de
650 1237 757 1267 causis
779 1246 837 1267 nos
865 1237 991 1275 quidem
1013 1246 1053 1266 ex
1079 1236 1208 1267 Iustino
1234 1236 1427 1274 colligimus,

184 1284 354 1315 Posidonii
376 1285 523 1315 historiis
539 1284 684 1323 Trogum
699 1294 791 1316 usum
812 1295 875 1316 non
892 1294 973 1316 esse.
1000 1285 1092 1315 Idem
1108 1285 1201 1316 nobis
1217 1284 1425 1316 statuendum

185 1334 249 1364 erit
270 1334 309 1364 de
330 1334 424 1365 libris
446 1334 515 1365 eius
543 1326 635 1375 περὶ
650 1325 846 1373 Ὠκεανοῦ,
868 1335 901 1366 in
917 1335 1032 1373 quibus
1046 1334 1277 1365 mathematica
1291 1333 1421 1372 potissi-

184 1391 267 1413 mum
287 1382 329 1413 'et
354 1382 491 1421 physica
518 1382 666 1413 adhibita
692 1384 819 1414 ratione
851 1383 1087 1422 geographiam
1115 1382 1216 1414 fuisse
1244 1381 1424 1420 expositam

186 1429 307 1460 Strabo
335 1431 386 1467 (II
409 1441 438 1471 p.
460 1433 506 1463 94.
530 1432 620 1464 VIII
646 1442 676 1471 p.
699 1433 769 1470 332)
792 1432 974 1472 profitetur.
1018 1431 1107 1471 Quos
1130 1432 1184 1463 ubi
1211 1431 1342 1471 Trogus
1370 1431 1425 1462 ad-

184 1478 330 1510 hibuisse
355 1481 472 1519 potuit,
504 1481 537 1512 in
569 1481 780 1512 describendo
811 1484 923 1512 terrae
955 1484 1052 1517 motu,
1086 1481 1140 1520 qui
1162 1480 1288 1520 Syriam
1315 1482 1425 1511 vasta-

185 1527 243 1564 vit,
275 1527 379 1558 fusius
412 1529 481 1566 egit
508 1537 601 1566 quam
633 1532 670 1558 ut
701 1529 903 1566 excerpsisse
931 1529 1083 1559 videatur
1116 1528 1169 1564 (cf.
1198 1528 1259 1558 XL
1286 1529 1314 1564 2,
1343 1528 1357 1558 1
1387 1544 1425 1548 —

185 1573 294 1604 Posid.
321 1575 360 1606 fr.
382 1575 444 1612 76).
497 1575 536 1605 In
563 1576 623 1606 1100
655 1576 876 1614 geographico
908 1585 1005 1614 opere
1038 1584 1228 1614 quamquam
1261 1575 1337 1613 quin
1367 1583 1424 1605 res

185 1621 227 1653 ad
257 1621 428 1654 historiam
460 1626 648 1663 spectantes
680 1624 859 1655 intexuerit
895 1624 958 1656 sibi
993 1627 1177 1663 temperare
1208 1632 1272 1654 non
1308 1623 1425 1663 potuit,

185 1674 295 1702 tamen
315 1681 379 1702 non
406 1672 563 1710 invenies,
596 1682 678 1711 quae
711 1673 797 1711 apud
818 1673 980 1704 Iustinum
1012 1675 1102 1703 certo
1135 1675 1268 1703 auctore
1300 1677 1424 1710 carent,

185 1729 255 1750 011111
282 1720 383 1750 multo
410 1724 488 1750 ante
520 1721 677 1751 historias
710 1720 961 1759 conscriptum&
994 1729 1057 1751 non
1089 1720 1181 1750 modo
1203 1722 1371 1751 coartatas
1393 1724 1426 1751 et

183 1771 384 1807 peranguste
405 1768 549 1800 refertas
571 1778 625 1800 res
640 1769 817 1800 historicas
840 1769 1015 1807 contineat,
1039 1778 1119 1808 quas
1134 1769 1166 1799 in
1181 1768 1327 1800 historiis
1343 1769 1425 1808 ipsis

186 1817 286 1847 latius
314 1817 503 1855 divulgatas
530 1826 593 1847 non
620 1818 729 1856 potuit
755 1826 819 1847 non
850 1820 1045 1856 retractare,
1066 1826 1178 1848 verum
1211 1817 1309 1847 etiam
1343 1827 1425 1856 quae

182 1865 421 1904 posterioribus
437 1865 531 1896 annis
547 1865 636 1896 facta
658 1869 734 1896 sunt
757 1865 883 1896 omnino
898 1875 962 1896 non
978 1866 1221 1905 complectatur.
1256 1866 1359 1897 Forte
1374 1866 1425 1897 cui

184 1913 322 1951 denique
349 1913 382 1943 id
409 1919 460 1944 est
487 1913 665 1952 offensioni,
699 1914 783 1952 quod
816 1923 835 1944 a
856 1914 966 1944 multis
999 1917 1032 1945 et
1064 1913 1167 1945 doctis
1189 1914 1270 1944 viris
1303 1917 1361 1945 aut
1391 1915 1425 1945 in

183 1963 287 1993 medio
315 1962 521 2000 relinquitur,
553 1965 662 1993 utrum
689 1962 884 1994 Posidonius
911 1966 1046 2002 praeter
1073 1963 1230 1995 historias
1256 1964 1357 1995 libros
1384 1962 1426 1993 ad

183 2011 354 2041 historiam
376 2010 580 2049 pertinentes
608 2011 826 2049 composuerit
851 2020 962 2050 necne,
994 2014 1053 2042 aut
1078 2011 1160 2043 illud
1181 2012 1234 2043 vel
1254 2011 1423 2051 probatur.

184 2058 250 2089 Sed
271 2059 362 2089 cuius
384 2068 542 2097 nusquam
562 2059 599 2089 fit
620 2059 749 2090 memtio
771 2068 875 2098 neque
898 2060 1074 2098 vestigium
1095 2060 1270 2099 reperitur,
1293 2060 1332 2091 de
1354 2059 1424 2097 (30³)

185 2116 249 2137 non
272 2110 323 2138 est
344 2107 562 2145 cogitandum,
590 2108 674 2138 unde
695 2108 838 2147 pendeat
859 2107 999 2146 Trogus.
1035 2108 1153 2147 Itaque
1174 2108 1253 2139 licet
1278 2108 1424 2147 equidem

183 2166 255 2187 mea
277 2155 495 2195 explicatione
517 2164 580 2186 non
609 2155 765 2195 impulsor
792 2155 909 2187 fuerim
937 2159 1035 2195 atque
1061 2166 1248 2196 persuasor,
1276 2160 1312 2188 ut
1333 2156 1424 2188 Posi-

263 2272 283 2309 ¹)
303 2272 420 2301 Heeren
441 2272 458 2308 ξ
479 2271 516 2300 26
537 2272 586 2301 fin.

262 2311 284 2348 2)
306 2310 381 2348 quod
395 2311 467 2339 satis
485 2310 616 2339 defendit
630 2310 819 2349 Scheppigius
834 2320 861 2348 p.
879 2311 914 2340 18
928 2312 958 2340 et
970 2311 1015 2346 20,
1032 2319 1153 2349 quocum
1164 2319 1280 2348 prorsus
1294 2310 1377 2340 facio.

260 2351 282 2389 3)
303 2349 340 2378 cf.
361 2348 509 2386 Scheppig
530 2358 561 2386 p.
582 2348 619 2377 38
640 2358 701 2386 squ,
