1604 2528
784 104 824 135 16

184 214 349 254 expeditio
377 214 533 247 Caesaris
554 214 703 255 Augusti
727 216 761 248 in
786 216 931 248 Parthos
962 218 1127 254 narretur,
1159 224 1223 255 qua
1254 217 1421 255 comperta
1466 244 1468 246 .

184 263 314 295 illorum
334 273 394 295 rex
414 263 611 303 Phrahates,
643 268 681 296 ut
713 265 896 305 depelleret
926 265 1054 296 instans
1085 263 1274 304 periculum,
1307 264 1420 296 statim

185 312 334 353 captivos
366 313 525 353 signaque
551 312 710 345 militaria
731 313 846 346 Crassi
873 317 906 345 et
926 313 1066 345 Antonii
1087 313 1287 344 exercituum
1314 313 1419 345 devic-

184 365 290 393 torum
312 362 399 393 datis
419 362 554 401 insuper
575 362 742 393 obsidibus
763 362 953 402 imperatori
975 361 1110 400 remisit,
1132 361 1216 400 quod
1238 370 1266 392 a.
1280 361 1320 392 20
1342 364 1419 392 ante

186 408 263 441 Chr.
285 413 352 441 nat.
368 410 488 441 factum
504 419 576 441 esse
592 410 675 441 satis
691 414 829 442 constat.
857 410 994 450 Aliquid
1008 419 1105 450 porro
1119 410 1259 441 rationis
1273 408 1419 448 Trogum

185 467 256 489 cum
282 458 433 497 Vergilio
466 462 565 499 poeta
595 459 749 490 habuisse
776 459 954 491 verisimile
981 459 1018 490 fit
1044 469 1060 490 e
1086 459 1202 498 fragm.
1223 458 1304 496 53¹),
1336 458 1421 496 quod

186 507 272 545 apud
294 506 387 537 Serv.
410 507 451 537 ad
472 506 557 537 Aen.
573 506 625 537 VI
646 507 716 537 782:
741 507 889 543 ,Animos
911 507 1066 545 aequabit
1087 507 1233 546 Olympo'
1256 508 1359 543 extat,
1380 505 1419 536 de

185 562 247 592 quo
268 554 339 585 loco
361 557 394 585 et
415 553 546 593 Trogus
568 556 602 585 et
622 553 750 585 Probus
773 554 976 593 quaesivisse
998 554 1159 586 dicuntur.
1200 553 1314 593 Neque
1335 553 1419 585 enim

186 603 307 639 dubito,
330 603 406 642 quin
421 602 553 641 Trogus
574 603 595 634 1.
617 602 739 634 XLIII
760 603 793 634 in
816 603 1000 634 tractandis
1022 603 1125 635 initiis
1140 603 1266 643 imperii
1279 603 1420 634 Romani

183 651 372 689 Romaeque
403 650 507 682 totius
539 651 627 681 orbis
660 651 778 690 capitis
811 651 938 689 origine
965 651 1007 682 ad
1034 660 1073 682 ea
1100 650 1310 690 spectaverit,
1337 659 1419 689 quae

183 702 283 739 poeta
314 699 353 731 de
384 699 475 730 urbis
506 699 731 738 magnitudine
762 699 964 731 vaticinatus
995 702 1055 731 est.
1095 699 1280 732 Ediderunt
1311 701 1419 730 autem

184 748 339 780 Aeneida
360 747 484 779 Varius
517 751 550 779 et
577 747 687 780 Tucca
719 749 810 780 iussu
844 748 999 781 Caesaris
1030 752 1105 789 post
1136 749 1256 780 obitum
1277 747 1422 786 Vergilii

184 806 214 828 a.
236 797 273 827 19
300 796 359 827 Cn.
386 795 499 827 Sentio
527 796 565 835 Q.
591 796 748 828 Lucretio
780 797 899 836 coss.²),
931 806 1024 836 quem
1055 801 1133 829 ante
1164 806 1282 828 annum
1308 795 1418 835 Trogo

184 844 327 883 Vergilii
349 853 428 884 opus
449 844 631 876 innotuisse
653 854 717 876 non
732 849 784 877 est
805 854 862 877 cur
883 845 1062 877 credamus.
1104 845 1144 877 In
1162 848 1288 885 tempus
1317 844 1417 876 multo

184 893 321 925 inferius
343 893 474 924 tandem
495 892 642 932 Pompeii
663 893 819 925 historias
840 893 1043 933 Philippicas
1066 894 1232 925 confectas
1254 896 1292 925 ut
1312 895 1419 924 trans-

184 942 327 972 feramus
355 941 543 972 adducimur
571 950 611 972 ex
637 941 719 973 Iust.
742 942 762 973 l.
784 941 886 973 XLII
907 943 936 979 4,
959 942 1009 973 16:
1041 942 1108 980 ,sed
1135 942 1238 972 fatum
1261 941 1418 972 Parthiae

184 990 272 1028 fecit,
298 990 331 1021 in
359 999 422 1028 qua
447 990 512 1020 iam
534 990 627 1029 quasi
649 989 805 1022 sollemne
832 993 883 1022 est
903 1000 1000 1030 reges
1027 990 1209 1030 parricidas
1231 990 1355 1030 haberi,
1382 993 1419 1021 ut

185 1038 459 1070 sceleratissimus
471 1038 619 1077 omnium,
641 1039 674 1071 et
688 1039 758 1078 ipse
770 1038 958 1070 Phrahates
973 1039 1110 1078 nomine,
1121 1048 1179 1070 rex
1192 1039 1417 1078 statueretur‘,

186 1086 269 1125 quod
291 1086 400 1117 dicere
416 1087 557 1126 scriptor
572 1095 635 1117 non
649 1089 791 1126 poterat,
813 1087 876 1118 nisi
898 1086 1006 1119 Orode
1022 1087 1040 1118 I
1054 1096 1114 1126 per
1128 1087 1321 1118 Phrahaten
1337 1087 1416 1125 (IV)

183 1135 283 1166 filium
312 1144 340 1166 a.
362 1135 400 1166 36
432 1135 605 1166 interfecto
638 1144 749 1167 necem
780 1135 854 1167 huic
885 1144 944 1176 per
970 1135 1190 1167 Phrahatacis
1222 1135 1281 1167 filii
1312 1135 1418 1167 scelus

183 1183 342 1221 illatam³)
370 1183 467 1214 etiam
494 1183 527 1214 in
554 1183 659 1214 animo
686 1183 867 1215 habuisset.
908 1183 1052 1223 Quocum
1083 1183 1197 1214 mirum
1218 1184 1261 1215 in
1292 1183 1419 1215 modum

185 1232 338 1272 congruit
359 1231 547 1263 Matthaeus
570 1231 978 1270 Westmonasteriensis⁴)‚
1001 1232 1071 1270 qui:
1095 1241 1178 1263 anno
1201 1232 1340 1271 divinae,
1362 1232 1420 1271 ait,

183 1280 421 1313 incarnationis
443 1289 526 1311 nono
550 1280 696 1312 Caesare
716 1280 872 1319 Augusto
899 1280 1026 1320 imperii
1048 1280 1098 1312 sui
1120 1280 1419 1320 quinquagesimum

183 1330 320 1370 primum
342 1332 462 1368 agente
484 1338 603 1360 annum
617 1328 749 1367 Trogus
768 1328 942 1368 Pompeius
963 1328 1116 1360 chronica
1138 1338 1197 1360 sua
1218 1329 1418 1368 terminavit,

183 1380 217 1410 in
239 1379 354 1418 quibus
371 1403 376 1408 .
393 1403 398 1408 .
415 1403 421 1408 .
439 1378 479 1408 ab
510 1377 603 1408 initio
619 1402 624 1408 .
641 1402 646 1408 .
664 1402 669 1408 .
687 1386 788 1415 usque
810 1377 851 1407 ad
872 1386 1029 1416 praesens
1051 1380 1178 1416 tempus
1199 1377 1417 1416 prosequitur.

182 1427 292 1459 Huius
319 1427 402 1458 enim
429 1426 606 1457 notationis
633 1425 755 1457 fontem
782 1425 868 1465 apud
895 1425 1084 1457 Suetonium
1112 1426 1262 1457 extitisse
1295 1426 1418 1457 coniec-

184 1480 260 1507 tura
297 1484 398 1514 eaque
436 1475 602 1506 levissima
638 1474 797 1505 iudicavit
833 1474 1093 1512 Gutschmidius,
1130 1474 1419 1507 Reifferscheidius

186 1524 282 1562 (Suet
303 1524 417 1562 reliqu.
440 1533 469 1562 p.
492 1523 563 1560 383)
586 1532 625 1554 ex
648 1522 873 1561 antiquissimo
895 1522 1015 1554 Iustini
1037 1523 1148 1554 codice
1170 1532 1339 1555 emanasse
1361 1532 1419 1554 suo

184 1572 255 1603 iure
287 1572 463 1603 contendit.
512 1571 730 1610 Quamobrem
760 1571 780 1601 l.
808 1569 890 1601 XLI
913 1571 939 1609 1,
967 1571 997 1601 1:
1030 1570 1167 1610 ‚Pa1·tl1i,
1204 1581 1303 1610 penes
1340 1580 1419 1610 quos

184 1620 277 1651 velut
298 1619 457 1651 divisione
479 1620 568 1651 orbis
590 1629 660 1651 cum
682 1619 838 1651 Romanis
860 1620 949 1650 facta
975 1628 1060 1650 nunc
1087 1619 1221 1651 orientis
1250 1619 1420 1659 imperium

185 1669 246 1700 est‘
277 1668 406 1699 Iustino
435 1667 644 1707 epitomatori
671 1668 902 1700 attribuendae
935 1667 1057 1706 (Ruehl
1077 1677 1107 1707 p.
1128 1668 1180 1706 36)
1203 1677 1334 1699 eausam
1356 1677 1419 1699 non

183 1717 288 1754 video,
303 1726 374 1748 cum
389 1720 505 1748 contra
519 1726 627 1748 rerum
643 1717 862 1748 condicionem
877 1716 980 1756 Trogi
994 1717 1149 1756 temporis
1165 1726 1228 1747 non
1247 1720 1419 1757 repugnet.

264 1765 371 1798 Unum
385 1765 498 1804 locum,
512 1765 565 1805 qui
588 1768 620 1797 te
633 1765 796 1797 offendere
807 1765 921 1806 possit,
934 1765 953 1797 l.
975 1764 1058 1796 XLI
1068 1765 1096 1803 5,
1118 1765 1149 1797 8:
1163 1765 1291 1804 ‚Parthi
1311 1775 1420 1798 omnes

182 1824 280 1854 reges
295 1824 371 1846 suos
386 1814 446 1846 hoc
461 1814 588 1845 nomine
601 1814 778 1853 (Arsacis),
794 1814 889 1846 sicuti
905 1813 1044 1845 Romani
1058 1813 1221 1846 Caesares
1232 1814 1418 1854 Augustos-

264 1925 284 1963 ¹)
304 1926 435 1965 Pompeii
456 1926 546 1965 Trogi
566 1927 733 1966 fragmenta
751 1926 796 1957 ed.
817 1926 893 1965 Aug.
914 1926 1068 1956 Bielowski
1089 1927 1207 1966 Leopoli
1230 1927 1315 1958 1853.

262 1965 284 2002 2)
305 1968 342 1997 cf.
363 1968 486 2004 Vergilii
509 1968 598 1997 vitam
627 1967 663 1997 de
685 1977 787 1996 comm.
808 1967 916 1996 Donati
939 1967 1084 1997 sublatam
1104 1968 1136 1996 in
1157 1968 1288 1997 Suetonii
1318 1969 1419 2006 reliqu.

183 2011 201 2031 a
222 2004 462 2034 Reifferscheidio
482 2005 554 2035 edit.
574 2005 652 2043 Lips.
676 2005 750 2034 1860
771 2014 799 2042 p.
820 2005 866 2034 63.

260 2041 282 2080 ³)
304 2043 352 2072 vel
372 2052 398 2073 a.
426 2043 444 2072 4
464 2053 491 2081 p.
513 2043 581 2073 Chr.
611 2044 648 2073 cf.
670 2043 800 2073 Vaillant
820 2042 1024 2073 Arsacidarum
1051 2043 1204 2082 imperium
1232 2044 1291 2074 sive
1317 2053 1420 2083 regum

365 2081 541 2112 Parthorum
562 2082 693 2112 historia.
733 2081 852 2112 Parisiis
874 2082 956 2111 1728.
997 2082 1011 2111 Ι
1032 2092 1059 2120 p.
1082 2083 1146 2112 184.

419 2120 450 2150 C.
465 2121 513 2150 Fr.
528 2121 649 2150 Richter
669 2120 865 2149 histor.-krit.
878 2120 1005 2149 Versuch
1027 2120 1098 2150 iiber
1113 2121 1159 2150 die
1175 2120 1346 2150 Arsaciden·
1361 2121 1420 2150 und

365 2158 718 2196 Sassaniden-Dynastie.
758 2158 879 2195 Leipzig
902 2158 983 2187 1804.
1023 2168 1050 2196 p.
1072 2159 1118 2188 86.

305 2197 351 2226 vel
373 2206 397 2226 a.
423 2197 440 2225 9
461 2206 487 2234 p.
509 2196 578 2226 Chr.
610 2197 646 2226 cf.
667 2197 702 2225 A.
723 2205 749 2225 v.
771 2195 943 2225 Gutschmid
964 2196 1065 2226 Jahrb.
1087 2197 1106 2226 f.
1127 2196 1203 2226 Phil:
1236 2197 1373 2235 herausg.
1392 2207 1420 2227 v.

363 2235 544 2265 Fleckeisen.
576 2235 674 2272 Suppl.
696 2235 726 2264 11
764 2234 860 2272 Leipz.
883 2235 956 2264 1856
978 2245 1004 2273 p.
1025 2236 1090 2265 261.
1123 2236 1287 2273 Separatim
1309 2245 1419 2274 quoque¹

362 2274 463 2340 εοξεῐη
491 2282 567 2302 anno
595 2273 670 2310 apud
690 2272 872 2302 Teubnerum
892 2273 970 2310 Lips.
992 2274 1062 2303 hacc
1083 2274 1289 2303 commentatio
1308 2274 1420 2311 prelum

362 2320 394 2340 sn
416 2312 459 2340 iit.

262 2349 285 2388 ⁴)
305 2350 408 2380 Flores
428 2349 613 2380 historiarum
635 2349 769 2379 Londinii
792 2350 865 2379 1570
885 2350 899 2379 I
920 2359 947 2388 p.
968 2349 1014 2380 81.
