1604 2528
759 12 803 47 ²75

60 105 65 110 -
131 144 138 147 ’
158 121 202 171 G}
218 123 266 169 13,
285 127 318 162 4:
340 109 546 163 iuventutem
553 129 577 169 ¹)
604 128 749 161 ad'faei-
809 110 862 158 1³0:
881 125 1034 178 ini-rentes
1052 124 1195 162 incensa.

64 182 106 225 ἑὲ
171 172 180 191 ³
196 172 279 218 nura
296 177 525 211 incendebant.

70 231 103 250 ’²'
158 226 201 260 O:
215 227 264 268 60,
283 225 465 260 4z'strenui
486 228 599 260 militis
620 229 656 259 et
672 225 750 258 boni
810 225 862 258 11:
892 233 958 256 non
988 224 1078 257 ducis
1107 228 1249 264 tantum,
1283 232 1397 257 verum

195 276 394 316 inperatoris
423 276 530 308 officia
556 275 651 307 simul
676 283 749 306 exe-

68 324 72 326 '
84 347 86 349 ψ
100 341 103 343 >
149 357 153 359 Α
198 325 367 365 quebatur.

74 414 82 416 “
149 421 185 455 Ἰ.
206 423 234 463 5,
248 423 282 455 5:
304 423 410 463 inperi
423 423 577 461 vitaeque
592 421 661 454 eius
674 420 747 452 finis

194 472 281 504 idem
300 471 371 503 fuit.
398 502 401 503 γ

67 503 70 504 ⁷
92 510 111 528 ⁷
157 518 185 553 Ι.
206 520 235 560 4,
255 521 288 553 8:
315 520 383 552 alia
408 519 515 551 omnia
538 527 599 559 per
620 527 656 550 se
675 518 748 559 ipsa

196 569 289 601 clara
309 572 343 600 et
362 568 616 608 magnificasint
630 576 668 599 ao
684 576 749 598 non

72 596 108 611 Ἣ*-
142 625 146 626 ’
172 615 332 658 'perinde
357 616 551 655 habeantur,
576 619 614 647 ut
639 624 750 647 eorum

198 666 254 705 qui
274 674 314 697 ea
334 665 498 697 sustinent
518 665 624 697 virtus
646 667 705 696 est.

192 714 218 747 Ι.
242 714 338 752 63,75.

158 762 195 796 Ο.
210 763 239 803 2,
253 764 289 795 8:
309 772 420 795 eorum
436 763 537 795 vitam
551 765 749 803 mortemque

196 812 289 845 iuxta
309 812 454 844 aestimo.

139 940 141 942 ,
157 908 188 942 11.
197 908 249 991 a111
269 910 317 950 96,
337 910 371 942 9:
393 910 570 942 exercitum
585 910 746 951 stipendio

231 959 288 991 uit.

9 988 34 1013 ⁴'
53 988 63 1002 ²
101 1049 120 1054 -
157 1007 242 1039 11.11
269 1007 316 1047 96,
337 1007 370 1039 5:
391 1006 495 1038 hostis
509 1007 543 1038 in
564 1007 745 1040 cervicibus

158 1056 221 1089 iam
242 1056 365 1090 Italiae
386 1056 525 1097 agentis.

158 1201 186 1237 Ι.
208 1202 254 1244 14,
276 1202 309 1236 7:
329 1212 466 1244 regnum
487 1192 643 1237 creseere.

163 1301 191 1334 I.
214 1302 260 1342 14,
282 1302 333 1334 15:
355 1302 486 1342 generis
506 1303 672 1342 praesidia
693 1312 746 1335 ex-

196 1352 310 1383 tincta.

157 1399 186 1433 Ι.
208 1400 254 1439 14,
275 1400 326 1432 22:
352 1400 515 1432 inmaturo
540 1400 611 1433 vita
633 1403 748 1441 erepta

197 1450 257 1479 est.

6 1492 62 1524 ξ’·
100 1539 102 1542 ⁴
158 1495 186 1529 Ι.
208 1496 236 1536 9,
257 1496 292 1528 3:
312 1496 509 1537 Iugurtham
529 1497 681 1530 heredem
701 1498 748 1530 in-

198 1545 317 1578 stituit.

158 1593 189 1627 h.
206 1594 284 1632 18:
306 1595 453 1627 adsiduis
473 1596 578 1628 bellis.

156 1690 184 1725 Ι.
205 1692 254 1734 78,
274 1693 302 1726 3.
324 1693 354 1725 h.
376 1692 436 1725 III
458 1694 483 1726 1.

156 1741 184 1774 1.
205 1742 254 1781 66,
274 1743 308 1774 3:
329 1743 417 1774 inter
438 1743 561 1782 epulas.

158 1789 194 1823 Ο.
216 1791 263 1831 15,
281 1790 314 1822 2:
336 1794 451 1833 captus
466 1800 575 1823 amore
588 1790 749 1825 Aureliae

195 1855 233 1862 —
254 1841 379 1880 nuptiis
399 1840 527 1872 fecisse.

157 1937 188 1971 h.
209 1937 229 1970 Ι
248 1938 297 1978 48,
318 1938 351 1971 2:
371 1947 485 1979 paoem
505 1942 687 1980 praestare.

115 2043 117 2045 ’
160 2035 197 2070 0.
218 2036 267 2077 46,
288 2036 321 2069 2:
342 2036 376 2068 in
395 2044 542 2070 maxumo
564 2037 688 2070 scelere
708 2053 748 2060 -—

154 2087 158 2088 ⁷
195 2085 414 2127 deprehensis.

156 2179 186 2218 h'.
208 2184 247 2218 II
267 2184 320 2218 45²
341 2193 479 2227 regnum
498 2185 710 2228 ingressus2).

156 2233 192 2268 G.
214 2235 262 2276 16,
282 2235 316 2267 5:
337 2235 387 2268 illi
407 2246 482 2277 spes
502 2246 632 2278 magna.

231 2302 255 2386 ’ἦ
273 2304 325 2375 «ἐξά
330 2312 412 2386 υἷές
417 2305 479 2376 θεὲὸ
483 2307 516 2337 ΙΙ
536 2305 562 2344 8,
583 2305 610 2337 2.

817 272 822 276 ”
849 275 883 305 et
896 273 1066 304 fortissimi
1079 273 1192 305 militis
1207 273 1311 304 officio
1326 273 1396 304 fun-

797 330 799 332 ’
847 321 947 361 gitur.

808 369 824 388 *
846 379 915 410 cap.
936 370 964 402 8.

807 420 843 451 3:
867 420 998 459 patriae
1019 419 1157 459 gloriam
1179 422 1213 451 et
1232 422 1344 451 natam
1365 422 1399 451 et

848 468 1026 500 extinctam
1047 477 1117 500 oum
1139 477 1176 499 eo
1198 468 1309 500 fuisse.

808 518 840 550 8:
861 517 1002 549 honores
1027 517 1076 549 ita
1100 517 1214 557 gessit,
1241 520 1279 549 ut
1297 526 1398 557 ‚orna-

848 569 917 597 tum
947 575 1012 597 non
1042 567 1199 606 accipere,
1231 566 1289 598 sed
1319 566 1399 598 dare

848 615 912 654 ipsi
932 614 1088 654 dignitati
1107 615 1284 647 videretur.

810 762 861 794 11:
891 771 995 802 neque
1022 762 1062 794 ab
1087 762 1148 794 hoe
1172 762 1262 794 vitae
1282 770 1399 803 propo·

848 811 911 843 sito
932 811 1045 844 mortis
1065 812 1152 843 ratio
1173 812 1338 844 dissensit.

808 869 877 900 cap.
899 860 926 892 9.

805 908 839 941 5:
860 909 1064 950 stipendium,
1097 919 1157 950 quo
1183 902 1303 942 milites
1331 908 1396 943 ale-

844 959 973 990 bantur.

804 1006 824 1038 7
830 1018 837 1039 :
848 1036 856 1041 ,
863 1015 1000 1046 regnum
1027 1006 1188 1039 Graeciae
1215 1007 1396 1039 cervicibus

842 1056 1023 1097 inponeret.

1006 1106 1090 1137 liber
1110 1106 1191 1139 VII.

806 1163 875 1194 cap.
891 1154 917 1187 1.

806 1204 860 1237 12:
881 1204 1041 1237 crescenti
1061 1212 1173 1244 regno.

806 1263 876 1293 cap.
897 1254 925 1285 2.

805 1303 838 1335 4:
861 1303 1038 1335 extinctam
1059 1303 1203 1344 stirpem.

806 1400 840 1433 5:
860 1400 1025 1433 inmatura
1044 1404 1148 1433 morte
1168 1405 1293 1441 raptus.

807 1497 976 1539 Aeropum
994 1498 1141 1531 instituit
1160 1498 1322 1531 heredem.

809 1597 946 1635 adsidua
966 1598 1154 1630 certamina.

809 1646 825 1664 *
846 1655 915 1686 cap.
937 1647 965 1679 3.

808 1695 842 1727 1:
864 1696 934 1728 eius
955 1699 1083 1728 tractus
1104 1705 1216 1736 regna.

808 1745 841 1776 3:
862 1745 950 1776 inter
970 1745 1092 1784 epulas.

808 1793 841 1825 9:
863 1802 971 1825 amore
991 1793 1079 1826 filiae
1095 1793 1260 1835 Amyntae
1283 1796 1398 1836 captus

848 1843 981 1882 nuptias
1001 1843 1091 1875 facit.

808 1900 876 1931 cap.
891 1891 919 1923 4.
943 1908 945 1910 ·

807 1941 841 1973 1:
861 1949 973 1981 pacem
992 1941 1171 1980 praestitit.
1192 1941 1315 1974 XLIII
1325 1943 1353 1983 5,
1368 1943 1397 1976 3.

808 1999 878 2030 cap.
898 1989 926 2022 5.

806 2038 840 2071 5:
861 2039 896 2074 in
916 2038 1041 2072 scelere
1062 2039 1294 2080 deprehensus.

807 2145 824 2170 e
854 2142 877 2171 ·.
920 2161 926 2171 .

805 2137 918 2221 lines?
929 2171 1098 2229 ingressus
1119 2189 1289 2231 imperium
1308 2198 1397 2232 mag-

843 2247 887 2271 na
908 2241 983 2281 spes
1005 2239 1160 2274 omnibus
