<?xml version="1.0" encoding="UTF-8"?>
<!DOCTYPE html PUBLIC "-//W3C//DTD XHTML 1.0 Transitional//EN"
    "http://www.w3.org/TR/xhtml1/DTD/xhtml1-transitional.dtd">
<html xmlns="http://www.w3.org/1999/xhtml" xml:lang="en" lang="en">
 <head>
  <title>
</title>
<meta http-equiv="Content-Type" content="text/html;charset=utf-8" />
  <meta name='ocr-system' content='tesseract 3.04.00' />
  <meta name='ocr-capabilities' content='ocr_page ocr_carea ocr_par ocr_line ocrx_word'/>
</head>
<body>
  <div class='ocr_page' id='page_1' title='image "4737409_0053.png"; bbox 0 0 1604 2528; ppageno 0'>
   <div class='ocr_carea' id='block_1_1' title="bbox 788 61 833 96">
    <p class='ocr_par' dir='ltr' id='par_1_1' title="bbox 788 61 833 96">
     <span class='ocr_line' id='line_1_1' title="bbox 788 61 833 96; baseline 0 0"><span class='ocrx_word' id='word_1_1' title='bbox 788 61 833 96; x_wconf 81' lang='lat'>44</span> 
     </span>
    </p>
   </div>
   <div class='ocr_carea' id='block_1_2' title="bbox 677 110 914 116">
    <p class='ocr_par' dir='ltr' id='par_1_2' title="bbox 677 110 914 116">
     <span class='ocr_line' id='line_1_2' title="bbox 677 110 914 116; baseline 0 0"><span class='ocrx_word' id='word_1_2' title='bbox 677 110 914 116; x_wconf 95' lang='lat' dir='ltr'> </span> 
     </span>
    </p>
   </div>
   <div class='ocr_carea' id='block_1_3' title="bbox 173 174 1418 851">
    <p class='ocr_par' dir='ltr' id='par_1_3' title="bbox 173 174 1418 851">
     <span class='ocr_line' id='line_1_3' title="bbox 173 174 1412 219; baseline 0.002 -10"><span class='ocrx_word' id='word_1_3' title='bbox 173 175 212 210; x_wconf 85' lang='lat' dir='ltr'>de</span> <span class='ocrx_word' id='word_1_4' title='bbox 234 176 386 210; x_wconf 82' lang='lat' dir='ltr'>Sallustii</span> <span class='ocrx_word' id='word_1_5' title='bbox 406 176 619 210; x_wconf 78' lang='lat' dir='ltr'><strong>historiarum</strong></span> <span class='ocrx_word' id='word_1_6' title='bbox 644 178 808 219; x_wconf 89' lang='lat' dir='ltr'>prooemio</span> <span class='ocrx_word' id='word_1_7' title='bbox 817 177 851 216; x_wconf 84' lang='lat'>¹),</span> <span class='ocrx_word' id='word_1_8' title='bbox 874 185 1010 217; x_wconf 89' lang='lat' dir='ltr'>quocum</span> <span class='ocrx_word' id='word_1_9' title='bbox 1033 175 1131 217; x_wconf 86' lang='lat' dir='ltr'>plane</span> <span class='ocrx_word' id='word_1_10' title='bbox 1152 174 1237 208; x_wconf 87' lang='lat' dir='ltr'>facio</span> <span class='ocrx_word' id='word_1_11' title='bbox 1259 175 1306 208; x_wconf 89' lang='lat' dir='ltr'>sic</span> <span class='ocrx_word' id='word_1_12' title='bbox 1330 174 1412 211; x_wconf 87' lang='lat' dir='ltr'>iudi-</span> 
     </span>
     <span class='ocr_line' id='line_1_4' title="bbox 174 225 1413 267; baseline -0.002 -9"><span class='ocrx_word' id='word_1_13' title='bbox 174 230 269 259; x_wconf 89' lang='lat' dir='ltr'>cante</span> <span class='ocrx_word' id='word_1_14' title='bbox 290 237 320 267; x_wconf 89' lang='lat' dir='ltr'>p.</span> <span class='ocrx_word' id='word_1_15' title='bbox 343 227 381 258; x_wconf 89' lang='lat'>19</span> <span class='ocrx_word' id='word_1_16' title='bbox 413 229 541 258; x_wconf 70' lang='lat' dir='ltr'>annot:</span> <span class='ocrx_word' id='word_1_17' title='bbox 573 227 745 259; x_wconf 82' lang='lat' dir='ltr'><strong>materiam</strong></span> <span class='ocrx_word' id='word_1_18' title='bbox 764 226 936 267; x_wconf 79' lang='lat' dir='ltr'>&#39;praebere</span> <span class='ocrx_word' id='word_1_19' title='bbox 967 225 1127 259; x_wconf 81' lang='lat' dir='ltr'>Sallustio</span> <span class='ocrx_word' id='word_1_20' title='bbox 1158 228 1300 266; x_wconf 87' lang='lat' dir='ltr'>poterat,</span> <span class='ocrx_word' id='word_1_21' title='bbox 1331 225 1413 257; x_wconf 83' lang='lat' dir='ltr'>satis</span> 
     </span>
     <span class='ocr_line' id='line_1_5' title="bbox 173 274 1415 319; baseline -0.001 -13"><span class='ocrx_word' id='word_1_22' title='bbox 173 275 283 306; x_wconf 84' lang='lat' dir='ltr'>facere</span> <span class='ocrx_word' id='word_1_23' title='bbox 303 285 365 315; x_wconf 88' lang='lat' dir='ltr'>pro</span> <span class='ocrx_word' id='word_1_24' title='bbox 391 278 463 306; x_wconf 92' lang='lat' dir='ltr'>tota</span> <span class='ocrx_word' id='word_1_25' title='bbox 483 275 589 315; x_wconf 89' lang='lat' dir='ltr'>ipsius</span> <span class='ocrx_word' id='word_1_26' title='bbox 611 276 651 307; x_wconf 88' lang='lat' dir='ltr'>de</span> <span class='ocrx_word' id='word_1_27' title='bbox 671 276 810 319; x_wconf 74' lang='lat' dir='ltr'>publicis</span> <span class='ocrx_word' id='word_1_28' title='bbox 830 275 980 315; x_wconf 84' lang='lat' dir='ltr'>partibus</span> <span class='ocrx_word' id='word_1_29' title='bbox 1002 275 1165 307; x_wconf 85' lang='lat' dir='ltr'>sentiendi</span> <span class='ocrx_word' id='word_1_30' title='bbox 1185 274 1312 306; x_wconf 85' lang='lat' dir='ltr'>ratione</span> <span class='ocrx_word' id='word_1_31' title='bbox 1326 274 1415 306; x_wconf 88' lang='lat' dir='ltr'>haud</span> 
     </span>
     <span class='ocr_line' id='line_1_6' title="bbox 175 322 1416 363; baseline -0.001 -9"><span class='ocrx_word' id='word_1_32' title='bbox 175 323 273 354; x_wconf 86' lang='lat' dir='ltr'>facile</span> <span class='ocrx_word' id='word_1_33' title='bbox 299 326 440 362; x_wconf 87' lang='lat' dir='ltr'>poterat.</span> <span class='ocrx_word' id='word_1_34' title='bbox 475 323 623 363; x_wconf 89' lang='lat' dir='ltr'>Pompeii</span> <span class='ocrx_word' id='word_1_35' title='bbox 643 325 726 355; x_wconf 86' lang='lat' dir='ltr'>enim</span> <span class='ocrx_word' id='word_1_36' title='bbox 749 323 842 355; x_wconf 89' lang='lat' dir='ltr'>amici</span> <span class='ocrx_word' id='word_1_37' title='bbox 862 332 916 355; x_wconf 88' lang='lat' dir='ltr'>res</span> <span class='ocrx_word' id='word_1_38' title='bbox 930 331 1010 363; x_wconf 87' lang='lat' dir='ltr'>prae</span> <span class='ocrx_word' id='word_1_39' title='bbox 1025 323 1145 355; x_wconf 87' lang='lat' dir='ltr'>ceteris</span> <span class='ocrx_word' id='word_1_40' title='bbox 1165 332 1238 355; x_wconf 93' lang='lat' dir='ltr'>eum</span> <span class='ocrx_word' id='word_1_41' title='bbox 1258 322 1416 354; x_wconf 81' lang='lat' dir='ltr'>extulisse</span> 
     </span>
     <span class='ocr_line' id='line_1_7' title="bbox 176 370 1415 412; baseline 0 -10"><span class='ocrx_word' id='word_1_42' title='bbox 176 375 427 403; x_wconf 88' lang='lat' dir='ltr'>consentaneum</span> <span class='ocrx_word' id='word_1_43' title='bbox 461 375 521 412; x_wconf 88' lang='lat' dir='ltr'>est,</span> <span class='ocrx_word' id='word_1_44' title='bbox 554 381 625 404; x_wconf 88' lang='lat' dir='ltr'>cum</span> <span class='ocrx_word' id='word_1_45' title='bbox 660 373 711 405; x_wconf 91' lang='lat' dir='ltr'>uti</span> <span class='ocrx_word' id='word_1_46' title='bbox 732 372 844 405; x_wconf 84' lang='lat' dir='ltr'>Sullae</span> <span class='ocrx_word' id='word_1_47' title='bbox 877 372 925 404; x_wconf 87' lang='lat' dir='ltr'>ita</span> <span class='ocrx_word' id='word_1_48' title='bbox 955 371 1148 412; x_wconf 84' lang='lat' dir='ltr'>pedissequo</span> <span class='ocrx_word' id='word_1_49' title='bbox 1170 371 1241 405; x_wconf 89' lang='lat' dir='ltr'>eius</span> <span class='ocrx_word' id='word_1_50' title='bbox 1261 370 1415 412; x_wconf 87' lang='lat' dir='ltr'>Pompeio</span> 
     </span>
     <span class='ocr_line' id='line_1_8' title="bbox 175 420 1414 455; baseline 0 -3"><span class='ocrx_word' id='word_1_51' title='bbox 175 430 323 453; x_wconf 81' lang='lat' dir='ltr'><strong>maxume</strong></span> <span class='ocrx_word' id='word_1_52' title='bbox 347 420 541 453; x_wconf 85' lang='lat' dir='ltr'>Sallustium</span> <span class='ocrx_word' id='word_1_53' title='bbox 562 422 724 455; x_wconf 84' lang='lat' dir='ltr'>infensum</span> <span class='ocrx_word' id='word_1_54' title='bbox 745 422 847 453; x_wconf 83' lang='lat' dir='ltr'>fuisse</span> <span class='ocrx_word' id='word_1_55' title='bbox 874 424 907 453; x_wconf 87' lang='lat' dir='ltr'>et</span> <span class='ocrx_word' id='word_1_56' title='bbox 928 430 968 453; x_wconf 85' lang='lat' dir='ltr'>ex</span> <span class='ocrx_word' id='word_1_57' title='bbox 989 424 1062 453; x_wconf 86' lang='lat' dir='ltr'>tota</span> <span class='ocrx_word' id='word_1_58' title='bbox 1082 422 1172 454; x_wconf 86' lang='lat' dir='ltr'>vitae</span> <span class='ocrx_word' id='word_1_59' title='bbox 1194 422 1264 454; x_wconf 87' lang='lat' dir='ltr'>eius</span> <span class='ocrx_word' id='word_1_60' title='bbox 1284 421 1414 454; x_wconf 83' lang='lat' dir='ltr'>ratione</span> 
     </span>
     <span class='ocr_line' id='line_1_9' title="bbox 176 468 1414 510; baseline 0.001 -10"><span class='ocrx_word' id='word_1_61' title='bbox 176 473 338 509; x_wconf 79' lang='lat' dir='ltr'>appareat</span> <span class='ocrx_word' id='word_1_62' title='bbox 361 472 395 500; x_wconf 91' lang='lat' dir='ltr'>et</span> <span class='ocrx_word' id='word_1_63' title='bbox 417 470 500 501; x_wconf 88' lang='lat' dir='ltr'>satis</span> <span class='ocrx_word' id='word_1_64' title='bbox 527 479 689 510; x_wconf 82' lang='lat' dir='ltr'>superque</span> <span class='ocrx_word' id='word_1_65' title='bbox 716 479 756 501; x_wconf 88' lang='lat' dir='ltr'>ex</span> <span class='ocrx_word' id='word_1_66' title='bbox 781 470 993 501; x_wconf 82' lang='lat' dir='ltr'>historiarum</span> <span class='ocrx_word' id='word_1_67' title='bbox 1018 469 1214 509; x_wconf 82' lang='lat' dir='ltr'>fragmentis</span> <span class='ocrx_word' id='word_1_68' title='bbox 1240 469 1370 501; x_wconf 81' lang='lat' dir='ltr'>eluceat</span> <span class='ocrx_word' id='word_1_69' title='bbox 1379 468 1414 508; x_wconf 80' lang='lat'>²).</span> 
     </span>
     <span class='ocr_line' id='line_1_10' title="bbox 177 517 1415 558; baseline 0 -9"><span class='ocrx_word' id='word_1_70' title='bbox 177 517 275 549; x_wconf 85' lang='lat' dir='ltr'>Adde</span> <span class='ocrx_word' id='word_1_71' title='bbox 297 518 384 558; x_wconf 87' lang='lat' dir='ltr'>quod</span> <span class='ocrx_word' id='word_1_72' title='bbox 405 519 446 550; x_wconf 91' lang='lat' dir='ltr'>ab</span> <span class='ocrx_word' id='word_1_73' title='bbox 469 528 497 550; x_wconf 89' lang='lat' dir='ltr'>a.</span> <span class='ocrx_word' id='word_1_74' title='bbox 519 519 558 550; x_wconf 87' lang='grc'>78</span> <span class='ocrx_word' id='word_1_75' title='bbox 578 518 737 558; x_wconf 80' lang='lat' dir='ltr'>initium³)</span> <span class='ocrx_word' id='word_1_76' title='bbox 761 519 824 551; x_wconf 87' lang='lat' dir='ltr'>sibi</span> <span class='ocrx_word' id='word_1_77' title='bbox 841 518 1005 550; x_wconf 88' lang='lat' dir='ltr'>scribendi</span> <span class='ocrx_word' id='word_1_78' title='bbox 1019 518 1121 558; x_wconf 82' lang='lat' dir='ltr'>elegit</span> <span class='ocrx_word' id='word_1_79' title='bbox 1136 517 1317 550; x_wconf 84' lang='lat' dir='ltr'>Sallustius</span> <span class='ocrx_word' id='word_1_80' title='bbox 1333 517 1415 550; x_wconf 87' lang='lat' dir='ltr'>satis</span> 
     </span>
     <span class='ocr_line' id='line_1_11' title="bbox 178 567 1416 608; baseline 0 -10"><span class='ocrx_word' id='word_1_81' title='bbox 178 567 306 606; x_wconf 88' lang='lat' dir='ltr'>quidem</span> <span class='ocrx_word' id='word_1_82' title='bbox 333 568 440 607; x_wconf 89' lang='lat' dir='ltr'>amplo</span> <span class='ocrx_word' id='word_1_83' title='bbox 462 568 625 607; x_wconf 90' lang='lat' dir='ltr'>prooemio</span> <span class='ocrx_word' id='word_1_84' title='bbox 647 568 880 607; x_wconf 86' lang='lat' dir='ltr'>tantummodo,</span> <span class='ocrx_word' id='word_1_85' title='bbox 900 568 1089 608; x_wconf 87' lang='lat' dir='ltr'>priusquam</span> <span class='ocrx_word' id='word_1_86' title='bbox 1110 568 1152 599; x_wconf 88' lang='lat' dir='ltr'>ad</span> <span class='ocrx_word' id='word_1_87' title='bbox 1171 567 1262 607; x_wconf 85' lang='lat' dir='ltr'>ipsas</span> <span class='ocrx_word' id='word_1_88' title='bbox 1284 576 1347 606; x_wconf 87' lang='lat' dir='ltr'>,res</span> <span class='ocrx_word' id='word_1_89' title='bbox 1360 575 1416 608; x_wconf 87' lang='lat' dir='ltr'>po-</span> 
     </span>
     <span class='ocr_line' id='line_1_12' title="bbox 177 615 1414 656; baseline 0 -10"><span class='ocrx_word' id='word_1_90' title='bbox 177 616 246 655; x_wconf 92' lang='lat' dir='ltr'>puli</span> <span class='ocrx_word' id='word_1_91' title='bbox 267 616 407 648; x_wconf 88' lang='lat' dir='ltr'>Romani</span> <span class='ocrx_word' id='word_1_92' title='bbox 428 616 469 648; x_wconf 81' lang='lat' dir='ltr'>M.</span> <span class='ocrx_word' id='word_1_93' title='bbox 491 617 627 656; x_wconf 87' lang='lat' dir='ltr'>Lepido,</span> <span class='ocrx_word' id='word_1_94' title='bbox 650 616 688 656; x_wconf 81' lang='lat' dir='ltr'>Q.</span> <span class='ocrx_word' id='word_1_95' title='bbox 712 616 832 648; x_wconf 86' lang='lat' dir='ltr'>Catulo</span> <span class='ocrx_word' id='word_1_96' title='bbox 862 616 1048 648; x_wconf 90' lang='lat' dir='ltr'>consulibus</span> <span class='ocrx_word' id='word_1_97' title='bbox 1081 615 1124 654; x_wconf 84' lang='lat' dir='ltr'>(a.</span> <span class='ocrx_word' id='word_1_98' title='bbox 1144 615 1196 654; x_wconf 80' lang='lat'>78)</span> <span class='ocrx_word' id='word_1_99' title='bbox 1215 624 1268 647; x_wconf 64' lang='lat' dir='ltr'>&gt;ac</span> <span class='ocrx_word' id='word_1_100' title='bbox 1298 615 1414 647; x_wconf 89' lang='lat' dir='ltr'>deinde</span> 
     </span>
     <span class='ocr_line' id='line_1_13' title="bbox 178 664 1416 704; baseline 0 -9"><span class='ocrx_word' id='word_1_101' title='bbox 178 664 316 695; x_wconf 89' lang='lat' dir='ltr'>militiae</span> <span class='ocrx_word' id='word_1_102' title='bbox 350 667 384 696; x_wconf 87' lang='lat' dir='ltr'>et</span> <span class='ocrx_word' id='word_1_103' title='bbox 410 665 495 697; x_wconf 90' lang='lat' dir='ltr'>domi</span> <span class='ocrx_word' id='word_1_104' title='bbox 521 664 646 704; x_wconf 86' lang='lat' dir='ltr'>gestas‘</span> <span class='ocrx_word' id='word_1_105' title='bbox 680 664 771 704; x_wconf 84' lang='lat' dir='ltr'>[frgt.</span> <span class='ocrx_word' id='word_1_106' title='bbox 794 664 824 704; x_wconf 93' lang='lat'>1]</span> <span class='ocrx_word' id='word_1_107' title='bbox 858 665 1039 703; x_wconf 80' lang='lat' dir='ltr'>accederet,</span> <span class='ocrx_word' id='word_1_108' title='bbox 1071 664 1229 704; x_wconf 86' lang='lat' dir='ltr'>exposito,</span> <span class='ocrx_word' id='word_1_109' title='bbox 1260 664 1416 704; x_wconf 86' lang='lat' dir='ltr'>quomodo</span> 
     </span>
     <span class='ocr_line' id='line_1_14' title="bbox 176 712 1418 754; baseline 0.001 -11"><span class='ocrx_word' id='word_1_110' title='bbox 176 712 300 744; x_wconf 87' lang='lat' dir='ltr'>factum</span> <span class='ocrx_word' id='word_1_111' title='bbox 329 713 382 752; x_wconf 90' lang='lat' dir='ltr'>sit,</span> <span class='ocrx_word' id='word_1_112' title='bbox 404 716 441 745; x_wconf 90' lang='lat' dir='ltr'>ut</span> <span class='ocrx_word' id='word_1_113' title='bbox 462 714 504 745; x_wconf 87' lang='lat' dir='ltr'>ad</span> <span class='ocrx_word' id='word_1_114' title='bbox 520 723 591 745; x_wconf 87' lang='lat' dir='ltr'>eam</span> <span class='ocrx_word' id='word_1_115' title='bbox 611 713 815 754; x_wconf 89' lang='lat' dir='ltr'>potissimum</span> <span class='ocrx_word' id='word_1_116' title='bbox 836 713 1055 745; x_wconf 89' lang='lat' dir='ltr'>condicionem</span> <span class='ocrx_word' id='word_1_117' title='bbox 1074 722 1129 745; x_wconf 84' lang='lat' dir='ltr'>res</span> <span class='ocrx_word' id='word_1_118' title='bbox 1148 713 1280 753; x_wconf 86' lang='lat' dir='ltr'>publica</span> <span class='ocrx_word' id='word_1_119' title='bbox 1301 713 1418 745; x_wconf 81' lang='lat' dir='ltr'>adduci</span> 
     </span>
     <span class='ocr_line' id='line_1_15' title="bbox 178 761 1417 801; baseline 0 -9"><span class='ocrx_word' id='word_1_120' title='bbox 178 761 335 801; x_wconf 86' lang='lat' dir='ltr'>potuerit,</span> <span class='ocrx_word' id='word_1_121' title='bbox 361 761 466 800; x_wconf 89' lang='lat' dir='ltr'>qualis</span> <span class='ocrx_word' id='word_1_122' title='bbox 489 762 545 793; x_wconf 90' lang='lat' dir='ltr'>illo</span> <span class='ocrx_word' id='word_1_123' title='bbox 569 771 653 793; x_wconf 89' lang='lat' dir='ltr'>anno</span> <span class='ocrx_word' id='word_1_124' title='bbox 676 762 856 794; x_wconf 86' lang='lat' dir='ltr'>obtinebat.</span> <span class='ocrx_word' id='word_1_125' title='bbox 899 761 994 801; x_wconf 79' lang='lat' dir='ltr'>Quod</span> <span class='ocrx_word' id='word_1_126' title='bbox 1015 761 1165 793; x_wconf 87' lang='lat' dir='ltr'>sufficere</span> <span class='ocrx_word' id='word_1_127' title='bbox 1188 761 1417 801; x_wconf 87' lang='lat' dir='ltr'>quodammodo</span> 
     </span>
     <span class='ocr_line' id='line_1_16' title="bbox 180 809 1417 851; baseline 0 -10"><span class='ocrx_word' id='word_1_128' title='bbox 180 810 326 841; x_wconf 85' lang='lat' dir='ltr'>arbitror</span> <span class='ocrx_word' id='word_1_129' title='bbox 353 810 394 841; x_wconf 92' lang='lat' dir='ltr'>ad</span> <span class='ocrx_word' id='word_1_130' title='bbox 421 813 546 842; x_wconf 88' lang='lat' dir='ltr'>certum</span> <span class='ocrx_word' id='word_1_131' title='bbox 574 820 612 842; x_wconf 87' lang='lat' dir='ltr'>ac</span> <span class='ocrx_word' id='word_1_132' title='bbox 638 810 764 842; x_wconf 84' lang='lat' dir='ltr'>firmum</span> <span class='ocrx_word' id='word_1_133' title='bbox 791 811 830 842; x_wconf 90' lang='lat' dir='ltr'>de</span> <span class='ocrx_word' id='word_1_134' title='bbox 853 809 1006 843; x_wconf 86' lang='lat' dir='ltr'>Sallustii</span> <span class='ocrx_word' id='word_1_135' title='bbox 1032 820 1130 851; x_wconf 89' lang='lat' dir='ltr'>opere</span> <span class='ocrx_word' id='word_1_136' title='bbox 1151 810 1326 843; x_wconf 90' lang='lat' dir='ltr'>Posidonio</span> <span class='ocrx_word' id='word_1_137' title='bbox 1352 819 1417 841; x_wconf 91' lang='lat' dir='ltr'>non</span> 
     </span>
    </p>
   </div>
   <div class='ocr_carea' id='block_1_4' title="bbox 179 858 1419 940">
    <p class='ocr_par' dir='ltr' id='par_1_4' title="bbox 179 858 1419 940">
     <span class='ocr_line' id='line_1_17' title="bbox 181 858 1419 899; baseline -0.001 -9"><span class='ocrx_word' id='word_1_138' title='bbox 181 868 308 890; x_wconf 84' lang='lat' dir='ltr'>annexo</span> <span class='ocrx_word' id='word_1_139' title='bbox 330 859 510 891; x_wconf 87' lang='lat' dir='ltr'>ferendum.</span> <span class='ocrx_word' id='word_1_140' title='bbox 533 859 574 890; x_wconf 92' lang='lat' dir='ltr'>In</span> <span class='ocrx_word' id='word_1_141' title='bbox 595 868 740 890; x_wconf 89' lang='lat' dir='ltr'>errorem</span> <span class='ocrx_word' id='word_1_142' title='bbox 766 859 870 898; x_wconf 89' lang='lat' dir='ltr'>igitur</span> <span class='ocrx_word' id='word_1_143' title='bbox 891 869 1042 899; x_wconf 86' lang='lat' dir='ltr'>magnum</span> <span class='ocrx_word' id='word_1_144' title='bbox 1063 859 1187 898; x_wconf 87' lang='lat' dir='ltr'>incidit,</span> <span class='ocrx_word' id='word_1_145' title='bbox 1214 859 1266 891; x_wconf 92' lang='lat' dir='ltr'>cui</span> <span class='ocrx_word' id='word_1_146' title='bbox 1285 858 1419 890; x_wconf 88' lang='lat' dir='ltr'>Posido-</span> 
     </span>
     <span class='ocr_line' id='line_1_18' title="bbox 179 907 774 940; baseline 0 -2"><span class='ocrx_word' id='word_1_147' title='bbox 179 907 267 938; x_wconf 90' lang='lat' dir='ltr'>nium</span> <span class='ocrx_word' id='word_1_148' title='bbox 289 908 410 939; x_wconf 84' lang='lat' dir='ltr'>adiisse</span> <span class='ocrx_word' id='word_1_149' title='bbox 433 908 564 940; x_wconf 86' lang='lat' dir='ltr'>videtur</span> <span class='ocrx_word' id='word_1_150' title='bbox 586 907 774 939; x_wconf 86' lang='lat' dir='ltr'>Sallustius.</span> 
     </span>
    </p>
   </div>
   <div class='ocr_carea' id='block_1_5' title="bbox 180 964 1428 1606">
    <p class='ocr_par' dir='ltr' id='par_1_5' title="bbox 180 964 1423 1489">
     <span class='ocr_line' id='line_1_19' title="bbox 258 964 1416 1004; baseline 0.001 -9"><span class='ocrx_word' id='word_1_151' title='bbox 258 964 324 995; x_wconf 89' lang='lat' dir='ltr'>Sed</span> <span class='ocrx_word' id='word_1_152' title='bbox 344 965 468 1001; x_wconf 84' lang='lat' dir='ltr'>redeat,</span> <span class='ocrx_word' id='word_1_153' title='bbox 491 974 511 995; x_wconf 89' lang='lat' dir='ltr'>a</span> <span class='ocrx_word' id='word_1_154' title='bbox 526 973 587 1003; x_wconf 90' lang='lat' dir='ltr'>quo</span> <span class='ocrx_word' id='word_1_155' title='bbox 603 964 754 1002; x_wconf 80' lang='lat' dir='ltr'>digressa</span> <span class='ocrx_word' id='word_1_156' title='bbox 769 967 829 1003; x_wconf 87' lang='lat' dir='ltr'>est,</span> <span class='ocrx_word' id='word_1_157' title='bbox 851 965 892 995; x_wconf 90' lang='lat' dir='ltr'>ad</span> <span class='ocrx_word' id='word_1_158' title='bbox 914 965 1098 1004; x_wconf 87' lang='lat' dir='ltr'>eruendam,</span> <span class='ocrx_word' id='word_1_159' title='bbox 1121 974 1204 1004; x_wconf 88' lang='lat' dir='ltr'>quae</span> <span class='ocrx_word' id='word_1_160' title='bbox 1219 965 1308 996; x_wconf 91' lang='lat' dir='ltr'>inter</span> <span class='ocrx_word' id='word_1_161' title='bbox 1323 965 1416 996; x_wconf 87' lang='lat' dir='ltr'>Posi-</span> 
     </span>
     <span class='ocr_line' id='line_1_20' title="bbox 181 1012 1416 1053; baseline 0 -9"><span class='ocrx_word' id='word_1_162' title='bbox 181 1013 311 1044; x_wconf 90' lang='lat' dir='ltr'>donium</span> <span class='ocrx_word' id='word_1_163' title='bbox 332 1016 366 1044; x_wconf 90' lang='lat' dir='ltr'>et</span> <span class='ocrx_word' id='word_1_164' title='bbox 386 1012 575 1052; x_wconf 89' lang='lat' dir='ltr'>Pompeium</span> <span class='ocrx_word' id='word_1_165' title='bbox 597 1012 742 1051; x_wconf 86' lang='lat' dir='ltr'>Trogum</span> <span class='ocrx_word' id='word_1_166' title='bbox 769 1015 870 1050; x_wconf 86' lang='lat' dir='ltr'>extat,</span> <span class='ocrx_word' id='word_1_167' title='bbox 896 1013 1057 1044; x_wconf 88' lang='lat' dir='ltr'>rationem</span> <span class='ocrx_word' id='word_1_168' title='bbox 1084 1013 1262 1053; x_wconf 85' lang='lat' dir='ltr'>disputatio</span> <span class='ocrx_word' id='word_1_169' title='bbox 1290 1016 1416 1045; x_wconf 88' lang='lat' dir='ltr'>nostra.</span> 
     </span>
     <span class='ocr_line' id='line_1_21' title="bbox 180 1061 1418 1101; baseline 0.002 -10"><span class='ocrx_word' id='word_1_170' title='bbox 180 1061 232 1091; x_wconf 89' lang='lat' dir='ltr'>Ex</span> <span class='ocrx_word' id='word_1_171' title='bbox 253 1061 303 1100; x_wconf 91' lang='lat' dir='ltr'>iis,</span> <span class='ocrx_word' id='word_1_172' title='bbox 326 1070 408 1099; x_wconf 89' lang='lat' dir='ltr'>quae</span> <span class='ocrx_word' id='word_1_173' title='bbox 431 1061 577 1100; x_wconf 90' lang='lat' dir='ltr'>equidem</span> <span class='ocrx_word' id='word_1_174' title='bbox 603 1061 761 1092; x_wconf 87' lang='lat' dir='ltr'>hactenus</span> <span class='ocrx_word' id='word_1_175' title='bbox 782 1061 946 1100; x_wconf 82' lang='lat' dir='ltr'>proposui,</span> <span class='ocrx_word' id='word_1_176' title='bbox 967 1061 1045 1092; x_wconf 87' lang='lat' dir='ltr'>licet</span> <span class='ocrx_word' id='word_1_177' title='bbox 1072 1070 1151 1092; x_wconf 88' lang='lat' dir='ltr'>sane</span> <span class='ocrx_word' id='word_1_178' title='bbox 1173 1062 1311 1101; x_wconf 88' lang='lat' dir='ltr'>opinari,</span> <span class='ocrx_word' id='word_1_179' title='bbox 1333 1063 1418 1101; x_wconf 90' lang='lat' dir='ltr'>quod</span> 
     </span>
     <span class='ocr_line' id='line_1_22' title="bbox 181 1109 1417 1150; baseline 0.002 -10"><span class='ocrx_word' id='word_1_180' title='bbox 181 1118 245 1140; x_wconf 90' lang='lat' dir='ltr'>non</span> <span class='ocrx_word' id='word_1_181' title='bbox 267 1110 444 1141; x_wconf 83' lang='lat' dir='ltr'>concedere</span> <span class='ocrx_word' id='word_1_182' title='bbox 460 1109 544 1148; x_wconf 89' lang='lat' dir='ltr'>nolo,</span> <span class='ocrx_word' id='word_1_183' title='bbox 566 1109 709 1148; x_wconf 86' lang='lat' dir='ltr'>Trogum</span> <span class='ocrx_word' id='word_1_184' title='bbox 728 1109 902 1140; x_wconf 89' lang='lat' dir='ltr'>Posidonio</span> <span class='ocrx_word' id='word_1_185' title='bbox 918 1112 1052 1142; x_wconf 86' lang='lat' dir='ltr'>auctore</span> <span class='ocrx_word' id='word_1_186' title='bbox 1073 1119 1166 1142; x_wconf 90' lang='lat' dir='ltr'>usum</span> <span class='ocrx_word' id='word_1_187' title='bbox 1187 1119 1269 1149; x_wconf 90' lang='lat' dir='ltr'>esse,</span> <span class='ocrx_word' id='word_1_188' title='bbox 1292 1120 1356 1150; x_wconf 90' lang='lat' dir='ltr'>qua</span> <span class='ocrx_word' id='word_1_189' title='bbox 1378 1111 1417 1142; x_wconf 89' lang='lat' dir='ltr'>de</span> 
     </span>
     <span class='ocr_line' id='line_1_23' title="bbox 181 1157 1420 1197; baseline -0.001 -6"><span class='ocrx_word' id='word_1_190' title='bbox 181 1168 217 1191; x_wconf 88' lang='lat' dir='ltr'>re</span> <span class='ocrx_word' id='word_1_191' title='bbox 240 1160 350 1191; x_wconf 87' lang='lat' dir='ltr'>eodem</span> <span class='ocrx_word' id='word_1_192' title='bbox 371 1159 464 1190; x_wconf 80' lang='lat' dir='ltr'>inodo</span> <span class='ocrx_word' id='word_1_193' title='bbox 485 1159 659 1190; x_wconf 87' lang='lat' dir='ltr'>Heerenus</span> <span class='ocrx_word' id='word_1_194' title='bbox 682 1161 716 1189; x_wconf 84' lang='lat' dir='ltr'>et</span> <span class='ocrx_word' id='word_1_195' title='bbox 736 1157 948 1197; x_wconf 82' lang='lat' dir='ltr'>Rzesinski⁴)</span> <span class='ocrx_word' id='word_1_196' title='bbox 971 1159 1126 1191; x_wconf 87' lang='lat' dir='ltr'>iudicant.</span> <span class='ocrx_word' id='word_1_197' title='bbox 1167 1161 1218 1192; x_wconf 83' lang='lat' dir='ltr'>At</span> <span class='ocrx_word' id='word_1_198' title='bbox 1238 1169 1316 1194; x_wconf 88' lang='lat' dir='ltr'>vero</span> <span class='ocrx_word' id='word_1_199' title='bbox 1339 1160 1420 1191; x_wconf 90' lang='lat' dir='ltr'>iniu-</span> 
     </span>
     <span class='ocr_line' id='line_1_24' title="bbox 182 1206 1421 1246; baseline 0 -7"><span class='ocrx_word' id='word_1_200' title='bbox 182 1209 248 1239; x_wconf 84' lang='lat' dir='ltr'>ria!</span> <span class='ocrx_word' id='word_1_201' title='bbox 281 1208 352 1239; x_wconf 84' lang='lat' dir='ltr'>Iam</span> <span class='ocrx_word' id='word_1_202' title='bbox 369 1207 586 1246; x_wconf 89' lang='lat' dir='ltr'>Scheppigius</span> <span class='ocrx_word' id='word_1_203' title='bbox 607 1216 637 1246; x_wconf 93' lang='lat' dir='ltr'>p.</span> <span class='ocrx_word' id='word_1_204' title='bbox 659 1207 698 1238; x_wconf 88' lang='lat'>35</span> <span class='ocrx_word' id='word_1_205' title='bbox 718 1206 907 1238; x_wconf 87' lang='lat' dir='ltr'>Heerenum</span> <span class='ocrx_word' id='word_1_206' title='bbox 928 1217 991 1238; x_wconf 87' lang='lat' dir='ltr'>non</span> <span class='ocrx_word' id='word_1_207' title='bbox 1012 1209 1220 1240; x_wconf 84' lang='lat' dir='ltr'>mediocriter</span> <span class='ocrx_word' id='word_1_208' title='bbox 1240 1209 1313 1240; x_wconf 89' lang='lat' dir='ltr'>falli</span> <span class='ocrx_word' id='word_1_209' title='bbox 1335 1208 1421 1239; x_wconf 86' lang='lat' dir='ltr'>affir-</span> 
     </span>
     <span class='ocr_line' id='line_1_25' title="bbox 183 1255 1422 1297; baseline 0 -10"><span class='ocrx_word' id='word_1_210' title='bbox 183 1256 294 1294; x_wconf 86' lang='lat' dir='ltr'>mavit,</span> <span class='ocrx_word' id='word_1_211' title='bbox 318 1257 402 1295; x_wconf 89' lang='lat' dir='ltr'>quod</span> <span class='ocrx_word' id='word_1_212' title='bbox 424 1258 599 1287; x_wconf 85' lang='lat' dir='ltr'>concentus</span> <span class='ocrx_word' id='word_1_213' title='bbox 622 1255 779 1294; x_wconf 87' lang='lat' dir='ltr'>singulos,</span> <span class='ocrx_word' id='word_1_214' title='bbox 803 1255 920 1295; x_wconf 90' lang='lat' dir='ltr'>quippe</span> <span class='ocrx_word' id='word_1_215' title='bbox 948 1256 1002 1295; x_wconf 91' lang='lat' dir='ltr'>qui</span> <span class='ocrx_word' id='word_1_216' title='bbox 1029 1257 1070 1288; x_wconf 90' lang='lat' dir='ltr'>ad</span> <span class='ocrx_word' id='word_1_217' title='bbox 1096 1266 1152 1288; x_wconf 93' lang='lat' dir='ltr'>res</span> <span class='ocrx_word' id='word_1_218' title='bbox 1179 1266 1283 1297; x_wconf 90' lang='lat' dir='ltr'>neque</span> <span class='ocrx_word' id='word_1_219' title='bbox 1305 1257 1347 1288; x_wconf 90' lang='lat' dir='ltr'>ad</span> <span class='ocrx_word' id='word_1_220' title='bbox 1367 1265 1422 1287; x_wconf 87' lang='lat' dir='ltr'>ra-</span> 
     </span>
     <span class='ocr_line' id='line_1_26' title="bbox 184 1303 1422 1344; baseline -0.001 -9"><span class='ocrx_word' id='word_1_221' title='bbox 184 1305 305 1335; x_wconf 87' lang='lat' dir='ltr'>tionem</span> <span class='ocrx_word' id='word_1_222' title='bbox 326 1304 525 1343; x_wconf 87' lang='lat' dir='ltr'>pertineant,</span> <span class='ocrx_word' id='word_1_223' title='bbox 547 1303 628 1334; x_wconf 91' lang='lat' dir='ltr'>nihil</span> <span class='ocrx_word' id='word_1_224' title='bbox 650 1304 791 1342; x_wconf 89' lang='lat' dir='ltr'>probare</span> <span class='ocrx_word' id='word_1_225' title='bbox 812 1306 915 1342; x_wconf 89' lang='lat' dir='ltr'>patet,</span> <span class='ocrx_word' id='word_1_226' title='bbox 938 1304 992 1334; x_wconf 91' lang='lat' dir='ltr'>cui</span> <span class='ocrx_word' id='word_1_227' title='bbox 1007 1305 1144 1343; x_wconf 88' lang='lat' dir='ltr'>accedit,</span> <span class='ocrx_word' id='word_1_228' title='bbox 1166 1305 1251 1344; x_wconf 89' lang='lat' dir='ltr'>quod</span> <span class='ocrx_word' id='word_1_229' title='bbox 1267 1304 1353 1335; x_wconf 86' lang='lat' dir='ltr'>aliae</span> <span class='ocrx_word' id='word_1_230' title='bbox 1368 1313 1422 1334; x_wconf 91' lang='lat' dir='ltr'>res</span> 
     </span>
     <span class='ocr_line' id='line_1_27' title="bbox 183 1351 1423 1392; baseline -0.001 -8"><span class='ocrx_word' id='word_1_231' title='bbox 183 1356 381 1392; x_wconf 87' lang='lat' dir='ltr'>repugnant,</span> <span class='ocrx_word' id='word_1_232' title='bbox 403 1353 436 1383; x_wconf 92' lang='lat' dir='ltr'>in</span> <span class='ocrx_word' id='word_1_233' title='bbox 465 1352 581 1391; x_wconf 92' lang='lat' dir='ltr'>quibus</span> <span class='ocrx_word' id='word_1_234' title='bbox 603 1351 802 1390; x_wconf 87' lang='lat' dir='ltr'>exponendis</span> <span class='ocrx_word' id='word_1_235' title='bbox 825 1351 975 1383; x_wconf 89' lang='lat' dir='ltr'>Iustinus</span> <span class='ocrx_word' id='word_1_236' title='bbox 997 1352 1051 1383; x_wconf 90' lang='lat' dir='ltr'>vel</span> <span class='ocrx_word' id='word_1_237' title='bbox 1072 1362 1092 1383; x_wconf 89' lang='lat' dir='ltr'>a</span> <span class='ocrx_word' id='word_1_238' title='bbox 1112 1352 1268 1385; x_wconf 89' lang='lat' dir='ltr'>Posidoni</span> <span class='ocrx_word' id='word_1_239' title='bbox 1294 1353 1423 1384; x_wconf 87' lang='lat' dir='ltr'>ratione</span> 
     </span>
     <span class='ocr_line' id='line_1_28' title="bbox 185 1399 1423 1440; baseline -0.001 -8"><span class='ocrx_word' id='word_1_240' title='bbox 185 1402 366 1440; x_wconf 86' lang='lat' dir='ltr'>(compares</span> <span class='ocrx_word' id='word_1_241' title='bbox 395 1401 478 1431; x_wconf 90' lang='lat' dir='ltr'>Iust.</span> <span class='ocrx_word' id='word_1_242' title='bbox 500 1400 601 1431; x_wconf 87' lang='lat' dir='ltr'>XLII</span> <span class='ocrx_word' id='word_1_243' title='bbox 624 1399 651 1438; x_wconf 87' lang='lat'>2,</span> <span class='ocrx_word' id='word_1_244' title='bbox 674 1400 719 1430; x_wconf 91' lang='lat'>10.</span> <span class='ocrx_word' id='word_1_245' title='bbox 742 1400 769 1437; x_wconf 88' lang='lat'>3,</span> <span class='ocrx_word' id='word_1_246' title='bbox 791 1400 810 1430; x_wconf 88' lang='grc'>8</span> <span class='ocrx_word' id='word_1_247' title='bbox 831 1409 901 1431; x_wconf 84' lang='lat' dir='ltr'>culn</span> <span class='ocrx_word' id='word_1_248' title='bbox 923 1400 1032 1431; x_wconf 88' lang='lat' dir='ltr'>Posid.</span> <span class='ocrx_word' id='word_1_249' title='bbox 1054 1400 1172 1439; x_wconf 87' lang='lat' dir='ltr'>fragm.</span> <span class='ocrx_word' id='word_1_250' title='bbox 1194 1401 1232 1432; x_wconf 81' lang='lat'>85</span> <span class='ocrx_word' id='word_1_251' title='bbox 1250 1413 1292 1422; x_wconf 88' lang='lat'><strong><em>=</em></strong></span> <span class='ocrx_word' id='word_1_252' title='bbox 1313 1400 1423 1431; x_wconf 87' lang='lat' dir='ltr'>Strab.</span> 
     </span>
     <span class='ocr_line' id='line_1_29' title="bbox 187 1449 330 1489; baseline 0.007 -9"><span class='ocrx_word' id='word_1_253' title='bbox 187 1449 205 1480; x_wconf 93' lang='lat' dir='ltr'>I</span> <span class='ocrx_word' id='word_1_254' title='bbox 226 1459 256 1489; x_wconf 91' lang='lat' dir='ltr'>p.</span> <span class='ocrx_word' id='word_1_255' title='bbox 277 1449 330 1481; x_wconf 87' lang='lat'>41!</span> 
     </span>
    </p>

    <p class='ocr_par' dir='ltr' id='par_1_6' title="bbox 186 1497 1428 1606">
     <span class='ocr_line' id='line_1_30' title="bbox 186 1497 1427 1550; baseline 0.001 -13"><span class='ocrx_word' id='word_1_256' title='bbox 186 1498 346 1529; x_wconf 81' lang='lat' dir='ltr'>Armenia</span> <span class='ocrx_word' id='word_1_257' title='bbox 368 1522 374 1529; x_wconf 89' lang='lat'><strong>·</strong></span> <span class='ocrx_word' id='word_1_258' title='bbox 400 1522 406 1529; x_wconf 89' lang='lat'><em>-</em></span> <span class='ocrx_word' id='word_1_259' title='bbox 428 1523 433 1529; x_wconf 92' lang='lat'>·</span> <span class='ocrx_word' id='word_1_260' title='bbox 840 1497 997 1550; x_wconf 78' lang='grc' dir='ltr'><em>Ἀριστα</em></span> <span class='ocrx_word' id='word_1_261' title='bbox 1018 1498 1112 1538; x_wconf 75' lang='grc' dir='ltr'>δ’ἂν</span> <span class='ocrx_word' id='word_1_262' title='bbox 1131 1499 1287 1543; x_wconf 69' lang='grc' dir='ltr'><em>δόξειεν</em></span> <span class='ocrx_word' id='word_1_263' title='bbox 1307 1498 1427 1538; x_wconf 80' lang='grc' dir='ltr'><em>εἰπεῖν</em></span> 
     </span>
     <span class='ocr_line' id='line_1_31' title="bbox 227 1547 1428 1606; baseline 0 -28"><span class='ocrx_word' id='word_1_264' title='bbox 227 1548 359 1578; x_wconf 86' lang='lat' dir='ltr'>condita</span> <span class='ocrx_word' id='word_1_265' title='bbox 373 1550 424 1579; x_wconf 86' lang='lat' dir='ltr'>est</span> <span class='ocrx_word' id='word_1_266' title='bbox 439 1551 547 1578; x_wconf 84' lang='lat' dir='ltr'>autem</span> <span class='ocrx_word' id='word_1_267' title='bbox 560 1548 601 1578; x_wconf 88' lang='lat' dir='ltr'>ab</span> <span class='ocrx_word' id='word_1_268' title='bbox 614 1547 781 1587; x_wconf 87' lang='lat' dir='ltr'>Armenio,</span> <span class='ocrx_word' id='word_1_269' title='bbox 843 1554 865 1592; x_wconf 70' lang='grc' dir='ltr'><strong><em>ὁ</em></strong></span> <span class='ocrx_word' id='word_1_270' title='bbox 896 1554 1166 1599; x_wconf 62' lang='grc' dir='ltr'><em>Ποσειδώνιος-</em></span> <span class='ocrx_word' id='word_1_271' title='bbox 1190 1576 1241 1581; x_wconf 64' lang='lat'>.-</span> <span class='ocrx_word' id='word_1_272' title='bbox 1275 1553 1324 1593; x_wconf 72' lang='grc' dir='ltr'>Τὸ</span> <span class='ocrx_word' id='word_1_273' title='bbox 1349 1555 1428 1606; x_wconf 59' lang='grc' dir='ltr'>γὰρ</span> 
     </span>
    </p>
   </div>
   <div class='ocr_carea' id='block_1_6' title="bbox 228 1596 1432 1937">
    <p class='ocr_par' dir='ltr' id='par_1_7' title="bbox 228 1596 1432 1937">
     <span class='ocr_line' id='line_1_32' title="bbox 228 1596 1427 1659; baseline 0 -32"><span class='ocrx_word' id='word_1_274' title='bbox 228 1596 359 1628; x_wconf 85' lang='lat' dir='ltr'>Iasonis</span> <span class='ocrx_word' id='word_1_275' title='bbox 381 1596 536 1628; x_wconf 84' lang='lat' dir='ltr'>Thessali</span> <span class='ocrx_word' id='word_1_276' title='bbox 557 1597 682 1628; x_wconf 87' lang='lat' dir='ltr'>comite.</span> <span class='ocrx_word' id='word_1_277' title='bbox 841 1612 915 1646; x_wconf 61' lang='grc' dir='ltr'>τῶν</span> <span class='ocrx_word' id='word_1_278' title='bbox 941 1607 1148 1659; x_wconf 61' lang='grc' dir='ltr'>Ἀρμενίων</span> <span class='ocrx_word' id='word_1_279' title='bbox 1165 1607 1368 1654; x_wconf 57' lang='lat' dir='ltr'>3590&lt;va</span> <span class='ocrx_word' id='word_1_280' title='bbox 1385 1609 1427 1648; x_wconf 62' lang='grc' dir='ltr'>τὸ</span> 
     </span>
     <span class='ocr_line' id='line_1_33' title="bbox 841 1662 1429 1717; baseline 0.002 -16"><span class='ocrx_word' id='word_1_281' title='bbox 841 1666 916 1701; x_wconf 86' lang='grc' dir='ltr'>τῶν</span> <span class='ocrx_word' id='word_1_282' title='bbox 964 1663 1104 1713; x_wconf 81' lang='grc' dir='ltr'><em>Σύρων</em></span> <span class='ocrx_word' id='word_1_283' title='bbox 1139 1662 1205 1702; x_wconf 80' lang='grc' dir='ltr'>καὶ</span> <span class='ocrx_word' id='word_1_284' title='bbox 1253 1663 1429 1717; x_wconf 78' lang='grc' dir='ltr'>Ἀράβων</span> 
     </span>
     <span class='ocr_line' id='line_1_34' title="bbox 844 1718 1430 1771; baseline 0 -14"><span class='ocrx_word' id='word_1_285' title='bbox 844 1718 989 1771; x_wconf 80' lang='grc' dir='ltr'><em>πολλὴν</em></span> <span class='ocrx_word' id='word_1_286' title='bbox 1013 1718 1230 1771; x_wconf 72' lang='grc' dir='ltr'><em>ὁμοφυλίαν</em></span> <span class='ocrx_word' id='word_1_287' title='bbox 1251 1718 1430 1771; x_wconf 79' lang='grc' dir='ltr'><em>ἐμφαίνει</em></span> 
     </span>
     <span class='ocr_line' id='line_1_35' title="bbox 842 1771 1432 1827; baseline 0 -16"><span class='ocrx_word' id='word_1_288' title='bbox 842 1774 940 1812; x_wconf 79' lang='grc' dir='ltr'><em>κατά</em></span> <span class='ocrx_word' id='word_1_289' title='bbox 970 1786 1012 1812; x_wconf 81' lang='grc' dir='ltr'>τε</span> <span class='ocrx_word' id='word_1_290' title='bbox 1040 1774 1107 1827; x_wconf 79' lang='grc' dir='ltr'>τὴν</span> <span class='ocrx_word' id='word_1_291' title='bbox 1136 1774 1338 1813; x_wconf 70' lang='grc' dir='ltr'><em>διάλεκτον</em></span> <span class='ocrx_word' id='word_1_292' title='bbox 1366 1771 1432 1813; x_wconf 81' lang='grc' dir='ltr'>καὶ</span> 
     </span>
     <span class='ocr_line' id='line_1_36' title="bbox 840 1827 1431 1881; baseline 0 -15"><span class='ocrx_word' id='word_1_293' title='bbox 840 1827 1057 1881; x_wconf 76' lang='grc' dir='ltr'><em>τοὸςβίους</em></span> <span class='ocrx_word' id='word_1_294' title='bbox 1067 1828 1133 1868; x_wconf 81' lang='grc' dir='ltr'>καὶ</span> <span class='ocrx_word' id='word_1_295' title='bbox 1150 1828 1243 1874; x_wconf 76' lang='grc' dir='ltr'><em>τοὺς</em></span> <span class='ocrx_word' id='word_1_296' title='bbox 1259 1832 1333 1868; x_wconf 82' lang='grc' dir='ltr'>τῶν</span> <span class='ocrx_word' id='word_1_297' title='bbox 1355 1843 1431 1867; x_wconf 86' lang='grc' dir='ltr'>σω-</span> 
     </span>
     <span class='ocr_line' id='line_1_37' title="bbox 838 1885 1369 1937; baseline 0.006 -14"><span class='ocrx_word' id='word_1_298' title='bbox 838 1885 973 1934; x_wconf 77' lang='grc' dir='ltr'><em>μάτων</em></span> <span class='ocrx_word' id='word_1_299' title='bbox 994 1887 1258 1937; x_wconf 77' lang='grc' dir='ltr'><em>χαρακτῆρας</em></span> <span class='ocrx_word' id='word_1_300' title='bbox 1281 1885 1369 1927; x_wconf 84' lang='grc' dir='ltr'>κτλ.)</span> 
     </span>
    </p>
   </div>
   <div class='ocr_carea' id='block_1_7' title="bbox 191 1947 1433 2039">
    <p class='ocr_par' dir='ltr' id='par_1_8' title="bbox 191 1947 1433 2039">
     <span class='ocr_line' id='line_1_38' title="bbox 191 1947 1433 1988; baseline -0.004 -6"><span class='ocrx_word' id='word_1_301' title='bbox 191 1951 244 1983; x_wconf 89' lang='lat' dir='ltr'>vel</span> <span class='ocrx_word' id='word_1_302' title='bbox 266 1961 286 1982; x_wconf 89' lang='lat' dir='ltr'>a</span> <span class='ocrx_word' id='word_1_303' title='bbox 306 1949 444 1982; x_wconf 90' lang='lat' dir='ltr'>Diodori</span> <span class='ocrx_word' id='word_1_304' title='bbox 466 1949 573 1982; x_wconf 85' lang='lat' dir='ltr'>Siculi</span> <span class='ocrx_word' id='word_1_305' title='bbox 594 1949 748 1981; x_wconf 88' lang='lat' dir='ltr'>memoria</span> <span class='ocrx_word' id='word_1_306' title='bbox 769 1949 903 1988; x_wconf 85' lang='lat' dir='ltr'>recedit,</span> <span class='ocrx_word' id='word_1_307' title='bbox 934 1947 1025 1979; x_wconf 87' lang='lat' dir='ltr'>cuius</span> <span class='ocrx_word' id='word_1_308' title='bbox 1047 1950 1223 1986; x_wconf 85' lang='lat' dir='ltr'>auctorem,</span> <span class='ocrx_word' id='word_1_309' title='bbox 1244 1956 1314 1978; x_wconf 91' lang='lat' dir='ltr'>cum</span> <span class='ocrx_word' id='word_1_310' title='bbox 1336 1956 1433 1979; x_wconf 89' lang='lat' dir='ltr'>unum</span> 
     </span>
     <span class='ocr_line' id='line_1_39' title="bbox 191 1995 1433 2039; baseline -0.003 -8"><span class='ocrx_word' id='word_1_311' title='bbox 191 2000 285 2032; x_wconf 87' lang='lat' dir='ltr'>modo</span> <span class='ocrx_word' id='word_1_312' title='bbox 317 2008 376 2039; x_wconf 89' lang='lat' dir='ltr'>per</span> <span class='ocrx_word' id='word_1_313' title='bbox 408 1998 557 2038; x_wconf 89' lang='lat' dir='ltr'>singulas</span> <span class='ocrx_word' id='word_1_314' title='bbox 590 1998 803 2030; x_wconf 86' lang='lat' dir='ltr'>historiarum</span> <span class='ocrx_word' id='word_1_315' title='bbox 834 2001 948 2038; x_wconf 88' lang='lat' dir='ltr'>partes</span> <span class='ocrx_word' id='word_1_316' title='bbox 974 1995 1065 2036; x_wconf 82' lang='lat' dir='ltr'>sequi</span> <span class='ocrx_word' id='word_1_317' title='bbox 1097 2005 1168 2028; x_wconf 92' lang='lat' dir='ltr'>eum</span> <span class='ocrx_word' id='word_1_318' title='bbox 1198 1996 1330 2028; x_wconf 84' lang='lat' dir='ltr'>solitum</span> <span class='ocrx_word' id='word_1_319' title='bbox 1360 2005 1433 2028; x_wconf 87' lang='lat' dir='ltr'>esse</span> 
     </span>
    </p>
   </div>
   <div class='ocr_carea' id='block_1_8' title="bbox 192 2081 310 2086">
    <p class='ocr_par' dir='ltr' id='par_1_9' title="bbox 192 2081 310 2086">
     <span class='ocr_line' id='line_1_40' title="bbox 192 2081 310 2086; baseline 0 0"><span class='ocrx_word' id='word_1_320' title='bbox 192 2081 310 2086; x_wconf 95' lang='lat' dir='ltr'> </span> 
     </span>
    </p>
   </div>
   <div class='ocr_carea' id='block_1_9' title="bbox 311 2081 488 2085">
    <p class='ocr_par' dir='ltr' id='par_1_10' title="bbox 311 2081 488 2085">
     <span class='ocr_line' id='line_1_41' title="bbox 311 2081 488 2085; baseline 0 0"><span class='ocrx_word' id='word_1_321' title='bbox 311 2081 488 2085; x_wconf 95' lang='lat' dir='ltr'> </span> 
     </span>
    </p>
   </div>
   <div class='ocr_carea' id='block_1_10' title="bbox 271 2134 742 2212">
    <p class='ocr_par' dir='ltr' id='par_1_11' title="bbox 271 2134 742 2212">
     <span class='ocr_line' id='line_1_42' title="bbox 271 2134 742 2212; baseline 0 -47"><span class='ocrx_word' id='word_1_322' title='bbox 271 2136 296 2212; x_wconf 57' lang='lat' dir='ltr'>p)</span> <span class='ocrx_word' id='word_1_323' title='bbox 312 2135 465 2204; x_wconf 46' lang='grc' dir='ltr'>Έιέιπῐὶἰξιῐξί</span> <span class='ocrx_word' id='word_1_324' title='bbox 483 2134 636 2203; x_wconf 56' lang='lat' dir='ltr'>Cattfgum</span> <span class='ocrx_word' id='word_1_325' title='bbox 659 2135 742 2203; x_wconf 45' lang='lat'>1850.</span> 
     </span>
     <span class='ocr_line' id='line_1_43' title="bbox 315 2183 720 2212; baseline 0 -8"><span class='ocrx_word' id='word_1_326' title='bbox 315 2183 331 2204; x_wconf 85' lang='lat' dir='ltr'>c</span> <span class='ocrx_word' id='word_1_327' title='bbox 345 2197 352 2205; x_wconf 89' lang='lat'>.</span> <span class='ocrx_word' id='word_1_328' title='bbox 398 2183 428 2204; x_wconf 86' lang='lat' dir='ltr'>m</span> <span class='ocrx_word' id='word_1_329' title='bbox 449 2183 481 2204; x_wconf 85' lang='lat' dir='ltr'>er</span> <span class='ocrx_word' id='word_1_330' title='bbox 499 2183 527 2212; x_wconf 86' lang='lat' dir='ltr'>p.</span> <span class='ocrx_word' id='word_1_331' title='bbox 606 2183 672 2204; x_wconf 85' lang='lat' dir='ltr'>ann.</span> <span class='ocrx_word' id='word_1_332' title='bbox 713 2196 720 2204; x_wconf 92' lang='lat'>.</span> 
     </span>
    </p>
   </div>
   <div class='ocr_carea' id='block_1_11' title="bbox 194 2214 1436 2293">
    <p class='ocr_par' dir='ltr' id='par_1_12' title="bbox 194 2214 1436 2293">
     <span class='ocr_line' id='line_1_44' title="bbox 272 2214 1436 2256; baseline 0.002 -11"><span class='ocrx_word' id='word_1_333' title='bbox 272 2214 294 2252; x_wconf 88' lang='lat'>³)</span> <span class='ocrx_word' id='word_1_334' title='bbox 314 2216 351 2246; x_wconf 79' lang='lat' dir='ltr'>cf.</span> <span class='ocrx_word' id='word_1_335' title='bbox 374 2215 478 2245; x_wconf 85' lang='lat' dir='ltr'>Kritzii</span> <span class='ocrx_word' id='word_1_336' title='bbox 498 2216 613 2254; x_wconf 77' lang='lat' dir='ltr'>epistul.</span> <span class='ocrx_word' id='word_1_337' title='bbox 635 2216 727 2246; x_wconf 83' lang='lat' dir='ltr'>critic.</span> <span class='ocrx_word' id='word_1_338' title='bbox 746 2216 784 2246; x_wconf 87' lang='lat' dir='ltr'>ad</span> <span class='ocrx_word' id='word_1_339' title='bbox 804 2215 920 2247; x_wconf 84' lang='lat' dir='ltr'>Ernest.</span> <span class='ocrx_word' id='word_1_340' title='bbox 936 2215 1194 2247; x_wconf 83' lang='lat' dir='ltr'>Wuestemannum</span> <span class='ocrx_word' id='word_1_341' title='bbox 1214 2226 1242 2255; x_wconf 87' lang='lat' dir='ltr'>p.</span> <span class='ocrx_word' id='word_1_342' title='bbox 1258 2216 1313 2247; x_wconf 88' lang='lat' dir='ltr'>XV</span> <span class='ocrx_word' id='word_1_343' title='bbox 1326 2225 1387 2256; x_wconf 82' lang='lat' dir='ltr'>sqq.</span> <span class='ocrx_word' id='word_1_344' title='bbox 1405 2215 1436 2246; x_wconf 88' lang='lat' dir='ltr'>in</span> 
     </span>
     <span class='ocr_line' id='line_1_45' title="bbox 194 2253 789 2293; baseline 0.003 -11"><span class='ocrx_word' id='word_1_345' title='bbox 194 2253 264 2283; x_wconf 84' lang='lat' dir='ltr'>edit.</span> <span class='ocrx_word' id='word_1_346' title='bbox 292 2254 363 2285; x_wconf 82' lang='lat' dir='ltr'>Sall.</span> <span class='ocrx_word' id='word_1_347' title='bbox 383 2255 452 2284; x_wconf 76' lang='lat' dir='ltr'>hist.</span> <span class='ocrx_word' id='word_1_348' title='bbox 476 2254 582 2293; x_wconf 82' lang='lat' dir='ltr'>fragm.</span> <span class='ocrx_word' id='word_1_349' title='bbox 602 2254 681 2293; x_wconf 85' lang='lat' dir='ltr'>Lips.</span> <span class='ocrx_word' id='word_1_350' title='bbox 706 2254 789 2286; x_wconf 84' lang='lat'>1853.</span> 
     </span>
    </p>
   </div>
   <div class='ocr_carea' id='block_1_12' title="bbox 275 2292 1334 2334">
    <p class='ocr_par' dir='ltr' id='par_1_13' title="bbox 275 2292 1334 2334">
     <span class='ocr_line' id='line_1_46' title="bbox 275 2292 1334 2334; baseline 0.002 -11"><span class='ocrx_word' id='word_1_351' title='bbox 275 2292 298 2334; x_wconf 91' lang='lat'>⁴)</span> <span class='ocrx_word' id='word_1_352' title='bbox 319 2293 469 2324; x_wconf 84' lang='lat' dir='ltr'>Rzesinski</span> <span class='ocrx_word' id='word_1_353' title='bbox 490 2293 525 2324; x_wconf 84' lang='lat' dir='ltr'>de</span> <span class='ocrx_word' id='word_1_354' title='bbox 545 2293 657 2324; x_wconf 80' lang='lat' dir='ltr'>Iustino</span> <span class='ocrx_word' id='word_1_355' title='bbox 678 2293 768 2332; x_wconf 76' lang='lat' dir='ltr'>Trogi</span> <span class='ocrx_word' id='word_1_356' title='bbox 788 2294 995 2333; x_wconf 79' lang='lat' dir='ltr'>epistomatore</span> <span class='ocrx_word' id='word_1_357' title='bbox 1016 2294 1134 2325; x_wconf 80' lang='lat' dir='ltr'>Krakau</span> <span class='ocrx_word' id='word_1_358' title='bbox 1155 2294 1238 2327; x_wconf 83' lang='lat'>1826.</span> <span class='ocrx_word' id='word_1_359' title='bbox 1259 2304 1287 2334; x_wconf 88' lang='lat' dir='ltr'>p.</span> <span class='ocrx_word' id='word_1_360' title='bbox 1307 2293 1334 2325; x_wconf 88' lang='lat'>8.</span> 
     </span>
    </p>
   </div>
   <div class='ocr_carea' id='block_1_13' title="bbox 1508 0 1604 686">
    <p class='ocr_par' dir='ltr' id='par_1_14' title="bbox 1508 0 1604 686">
     <span class='ocr_line' id='line_1_47' title="bbox 1508 0 1604 686; baseline 0 1842"><span class='ocrx_word' id='word_1_361' title='bbox 1508 0 1604 686; x_wconf 95' lang='lat' dir='ltr'> </span> 
     </span>
    </p>
   </div>
  </div>
 </body>
</html>
