1604 2528
783 92 826 130 38

184 211 335 252 reticere,
357 222 440 253 quae
464 212 616 244 audierat
643 212 716 244 Cat.
738 212 786 250 23,
807 213 840 252 2;
869 212 952 251 quod
980 211 1036 249 (sc.
1063 210 1261 250 Iugurtham
1288 208 1420 240 circiter

186 262 282 292 duum
309 261 431 292 milium
457 261 634 292 intervallo
662 263 739 291 ante
765 260 930 291 Romanos
962 258 1160 297 consedisse)
1193 258 1337 289 auditum
1369 260 1420 288 est

184 309 257 348 Iug.
281 309 347 347 106,
368 310 400 347 6;
414 326 452 330 -
465 310 504 340 de
525 309 649 348 proelio
664 308 752 339 facto
774 309 970 339 audiebatur
984 308 1057 346 Ing.
1079 307 1126 346 22,
1149 307 1176 344 1,
1198 309 1231 337 et
1248 306 1332 345 quod
1346 306 1420 337 aliis

185 358 218 388 in
250 358 360 388 verbis
392 358 477 388 hanc
509 360 709 388 structuram
740 366 872 387 casuum
902 356 1055 388 variandi
1086 365 1123 386 ac
1154 354 1301 386 mutandi
1324 354 1419 392 large

187 405 350 443 effuseque
373 406 435 436 sibi
457 405 603 444 sumpsit,
625 405 707 435 illud.
727 404 804 434 mihi
826 405 1035 435 confirmatur
1060 413 1164 442 neque
1189 403 1304 433 mirum
1332 402 1419 433 vide-

183 453 283 492 bitur,
306 453 390 491 quod
412 453 488 492 quid
513 453 636 483 habeat
661 452 856 486 offensionis,
882 452 1025 491 Trogum
1052 454 1250 483 structuram
1275 450 1366 481 illam
1393 449 1421 480 si

184 510 248 532 non
276 511 293 532 e
315 501 475 533 Sallustio
506 501 611 540 ipsam
642 500 890 539 deprompsisse,
923 503 958 531 at
980 500 1096 531 saltem
1118 501 1158 531 ab
1184 509 1221 531 eo
1247 498 1419 537 fingendae

183 550 237 581 vel
257 549 448 581 formandae
470 549 650 587 exemplum
672 548 735 579 sibi
755 548 900 587 petiisse.

262 597 296 629 A
318 597 534 637 scriptoribus
555 596 720 628 noimullis
741 596 901 636 peculiari
921 597 1015 628 modo
1043 597 1231 629 accusativo
1253 596 1304 633 ,in‘
1325 604 1419 636 prae-

183 647 319 686 ponitur
341 647 383 677 ad
403 646 498 676 finem
519 648 577 676 aut
598 645 767 676 consilium
788 645 1040 684 exprimendum,
1064 645 1153 676 cuius
1176 654 1276 676 causa
1297 644 1420 683 aliquid

185 696 306 734 agitur,
329 695 414 733 qnod
435 694 597 725 concisum
619 693 747 724 dicendi
768 703 874 732 genus
897 703 936 724 ex
958 694 1117 724 orationis
1139 693 1362 724 contractione
1382 702 1419 723 ac

182 743 348 775 brevitate
368 742 550 782 profectum
570 741 645 773 inde
667 751 686 772 a
707 741 795 773 Livii
815 744 960 781 tempore
982 742 1016 775 in
1036 750 1129 773 usum
1143 742 1272 773 venisse
1286 740 1418 772 Handio

183 792 216 823 in
243 792 385 822 Tursell.
408 791 466 821 111
487 800 517 829 p,
539 790 597 821 317
624 790 769 828 videtur,
801 799 934 828 quocum
962 790 1000 821 cf.
1022 790 1230 828 Draegerum
1257 789 1275 820 I
1300 799 1330 829 p.
1352 789 1419 820 614.

185 839 252 871 Sed
273 840 337 870 iam
359 840 447 878 apud
468 839 662 869 Sallustium
683 838 764 868 haec
786 841 955 869 structura
981 839 1105 869 duobus
1131 838 1211 868 locis
1238 838 1419 876 exhibetur,

185 888 239 927 qui
262 888 363 919 aciem
384 888 527 919 virorum
549 887 678 917 illorum
700 886 958 917 doctissimorum
980 890 1078 925 atque
1098 886 1311 916 intentionem
1325 895 1418 925 prae-

183 936 355 967 terierunt.
399 936 548 974 Quanam
575 935 642 966 alia
667 935 795 966 ratione
821 934 972 973 intellegi
1005 935 1054 965 vis
1083 934 1155 965 Cat.
1176 934 1224 972 50,
1251 934 1284 965 2:
1316 935 1418 965 lectos

184 988 217 1015 et
239 984 440 1015 exercitatos
456 984 489 1014 in
505 983 684 1021 audaciam,
708 992 802 1021 quam
825 983 1020 1021 scripturam
1035 982 1129 1013 multi
1155 985 1188 1013 et
1212 982 1343 1021 probati
1369 991 1419 1013 co-

186 1034 273 1064 dices
295 1035 420 1071 tenent,
442 1036 475 1062 et
496 1032 574 1065 hist.
595 1031 613 1062 I
633 1031 672 1062 45
694 1034 847 1070 suspecta
868 1031 903 1062 in
928 1031 1100 1062 tumultum
1122 1034 1204 1069 erat,
1225 1031 1301 1061 nisi:
1329 1039 1419 1061 exer-

183 1082 303 1113 citatos
326 1082 368 1112 ad
388 1081 431 1119 id,
453 1084 490 1111 ut
512 1080 650 1111 audacia
670 1080 818 1110 facinora
839 1079 1005 1118 suscipere
1033 1089 1073 1109 ne
1100 1082 1343 1118 cunctarentur,
1371 1082 1417 1110 et:

185 1133 339 1170 suspecta
362 1133 436 1160 erat
457 1129 612 1168 proclivis
635 1138 707 1159 esse
730 1128 772 1158 ad
794 1128 966 1158 tumultum
986 1128 1193 1158 excitandum
1216 1127 1291 1165 (vid.
1306 1128 1417 1158 Kritz.

183 1180 213 1210 11.
237 1179 293 1217 1.)?
326 1179 378 1209 De
401 1178 474 1209 aliis
498 1182 590 1208 taceo
613 1176 778 1216 exemplis,
803 1186 885 1215 quae
912 1176 965 1207 vel
992 1185 1104 1207 errore
1130 1176 1338 1206 librariorum
1364 1176 1417 1207 vel

184 1237 262 1258 casu
284 1230 440 1266 corrupta
462 1230 538 1257 sunt
560 1230 617 1256 aut
639 1229 672 1256 et
694 1227 791 1256 aliter
813 1225 931 1264 exponi
946 1227 1092 1263 possunt.
1135 1224 1236 1255 Cuius
1252 1227 1417 1255 construc-

183 1276 282 1307 tionis
307 1276 393 1315 apud
415 1274 561 1313 Trogum
582 1274 648 1305 tria
670 1277 785 1304 extant
803 1273 963 1312 exempla:
987 1282 1055 1312 cap.
1077 1273 1105 1311 5,
1127 1273 1159 1303 3:
1181 1273 1215 1303 in
1236 1273 1342 1304 dotem
1365 1274 1417 1304 de-

182 1326 298 1360 disset;
326 1326 358 1355 8:
380 1324 412 1354 in
434 1323 577 1362 gratiam
598 1323 727 1353 illorum
751 1323 902 1358 occisum,
935 1323 967 1352 9:
988 1322 1022 1352 in
1044 1321 1270 1352 contumeliam
1292 1322 1343 1353 sui
1365 1322 1416 1353 de-

181 1374 293 1404 latam.
335 1373 409 1411 Qua
436 1372 474 1402 de
502 1380 601 1401 causa
623 1370 733 1408 Trogo
762 1369 914 1400 Sallustii
940 1370 1176 1401 studiosissimo
1204 1370 1265 1401 hac
1292 1379 1417 1409 quoque

181 1422 214 1452 in
241 1420 382 1452 dictione
415 1420 484 1450 eius
517 1419 659 1450 studium
693 1419 770 1457 quin
802 1419 982 1449 tribuamus
1014 1418 1096 1449 nihil
1127 1419 1260 1450 obstare
1292 1428 1416 1457 censeO,

181 1470 377 1509 praesertim
409 1478 477 1499 cum
511 1467 648 1506 Crispus
686 1467 737 1505 ,in‘
774 1467 1018 1506 praepositione
1053 1467 1235 1498 nominibus
1271 1468 1418 1506 praefixa

181 1529 283 1550 novas
305 1518 454 1548 notiones
477 1519 510 1546 et
530 1516 653 1554 primus
675 1516 867 1546 formaverit
898 1519 932 1546 et
953 1525 970 1545 e
993 1515 1121 1545 Graeco
1147 1516 1359 1546 transtulerit
1384 1516 1418 1546 in

180 1568 333 1599 Latinum
358 1576 383 1597 e.
407 1575 452 1603 g.:
475 1566 572 1596 decus
595 1565 626 1595 in
649 1564 828 1595 mercedem
850 1568 1038 1602 corruptum
1059 1564 1135 1595 hist.
1151 1564 1170 1595 l
1192 1565 1242 1603 133
1265 1565 1298 1595 in
1312 1564 1416 1596 maius

181 1617 350 1648 celebrare
372 1616 445 1654 lug.
470 1615 520 1653 73,
535 1615 566 1652 53
590 1615 622 1644 in
638 1614 829 1651 inmensunu
851 1613 995 1651 planum,
1012 1623 1182 1652 praesens3
1205 1623 1339 1652 pravum
1356 1618 1416 1645 etc.

258 1665 311 1696 De
336 1664 497 1702 ,acerbius
519 1663 645 1702 gerere‘
668 1663 696 1701 5,
717 1663 735 1693 5
758 1671 855 1701 supra
875 1671 904 1700 p.
927 1662 965 1692 20
988 1662 1136 1693 disserui.

258 1713 397 1752 Ingredi
418 1714 553 1744 verbum
575 1721 644 1742 cum
662 1711 840 1742 Sallustius
856 1714 890 1741 et
904 1711 1035 1749 proprie
1050 1714 1084 1741 et
1098 1711 1262 1742 translate
1279 1712 1340 1749 (Ξ
1351 1722 1414 1743 mo-

179 1763 242 1801 liri,
276 1762 456 1800 suscipere)
480 1761 631 1797 dictum¹)
655 1769 781 1798 semper
804 1769 874 1790 cum
902 1759 1089 1790 accusativo
1116 1760 1272 1791 iunxerit:
1304 1761 1414 1792 Numi-

179 1813 264 1843 diam
279 1812 353 1849 Iug.
374 1810 423 1848 28,
444 1810 476 1847 7;
499 1810 611 1840 eadem
627 1808 699 1846 lug.
721 1808 769 1847 42,
790 1809 815 1846 1,
839 1808 923 1846 quod
938 1808 1159 1839 accusativum
1175 1818 1246 1839 esse
1261 1810 1414 1840 Kritzius

178 1860 358 1896 contendit;
382 1858 613 1897 magistratum
634 1857 706 1895 lug.
728 1857 776 1895 43,
799 1856 830 1893 23
852 1866 989 1895 regnum
1011 1857 1086 1888 hist.
1109 1857 1147 1888 Π
1167 1857 1205 1888 45
1220 1861 1254 1888 et
1269 1858 1310 1889 al.
1329 1858 1414 1889 simi-

177 1909 255 1941 liter
277 1919 297 1939 a
318 1908 429 1946 Trogo
451 1909 617 1944 receptum
640 1910 705 1936 est:
729 1905 863 1935 ltaliam
885 1905 1052 1943 ingressos
1067 1906 1095 1943 4,
1117 1906 1149 1944 7,
1172 1907 1259 1937 bella
1274 1906 1411 1937 Pontica

176 1959 361 1997 ingressum
382 1956 410 1994 7,
431 1955 463 1993 43
487 1955 649 1986 diversam
672 1954 750 1984 belli
772 1953 990 1984 condicionem
1011 1954 1141 1993 ingredi
1162 1955 1189 1993 7,
1206 1955 1233 1985 6.

256 2007 356 2038 Haud.
379 2005 445 2037 scio
468 2014 510 2036 an
533 2003 726 2035 Sallustium
748 2003 860 2033 oleant
880 2003 908 2042 5,
929 2003 961 2033 5:
989 2003 1077 2035 inter
1103 2003 1187 2035 hanc
1209 2004 1412 2047 decretorum

178 2056 428 2088 amaritudinem
450 2058 483 2086 et
504 2054 532 2092 7,
554 2053 586 2085 4:
609 2053 696 2085 inter
718 2062 798 2091 quas
820 2052 1040 2089 difficultates,
1064 2063 1155 2092 quem
1169 2057 1412 2095 praepositione

175 2106 244 2144 illa,
276 2108 314 2136 ut
345 2104 550 2135 condiciones
582 2102 636 2134 vel
668 2104 776 2132 status
802 2101 933 2138 indicet,
965 2101 999 2131 in
1026 2102 1142 2140 quibus
1169 2105 1246 2142 quid
1266 2106 1320 2135 vel
1341 2105 1412 2144 quis

175 2157 338 2193 versetur,
371 2153 508 2193 primum
540 2151 678 2182 maxime
710 2159 803 2182 nsum
829 2159 902 2181 esse
928 2153 1096 2182 testantur
1124 2151 1196 2185 Cat.
1217 2153 1265 2192 43,
1286 2154 1305 2185 3
1325 2154 1412 2185 inter

175 2204 256 2235 haec
286 2206 407 2243 parata
437 2205 534 2241 atque
562 2202 708 2240 decreta,
743 2202 815 2233 Cat.
837 2203 865 2242 3,
886 2203 913 2234 4.
935 2203 1008 2241 lug.
1031 2203 1078 2239 30,
1099 2203 1126 2234 3.
1147 2202 1195 2242 40,
1214 2203 1242 2237 4.
1263 2205 1311 2246 47,
1331 2206 1363 2245 33
1383 2204 1411 2235 4.

174 2254 221 2289 63,
237 2254 264 2285 3.
291 2253 339 2292 66,
355 2254 381 2284 3.
404 2253 450 2291 74,
465 2253 492 2285 2.
514 2252 590 2285 hist.
613 2252 670 2284 III
692 2252 739 2293 61,
754 2253 801 2285 27.
823 2253 883 2287 inc.
906 2255 953 2287 76.

253 2353 273 2393 ²)
296 2353 332 2383 cf.
351 2352 552 2383 Badstuebner
572 2362 599 2391 p.
624 2354 667 2383 17.
