1604 2528
793 74 835 128 ’23

200 206 355 247 imprimis
376 208 509 240 irritare
531 209 663 249 cupivit,
690 209 731 240 ad
758 218 892 248 quorum
917 218 1029 248 regem
1055 208 1230 248 epistulam
1256 207 1317 238 hoc
1339 215 1428 245 spee-

200 260 324 288 tantem
345 267 416 289 eum
439 258 567 289 dedisse
589 258 768 290 Sallustius
789 259 948 298 perhibet.

278 306 319 338 In
341 307 424 346 quod
446 310 551 338 autem
574 310 701 346 tempus
728 307 825 345 longe
851 307 977 338 distans
998 305 1201 337 Mithridatis
1229 305 1334 336 oratio
1355 312 1428 343 per-

200 355 292 393 tinet,
325 356 414 386 cuius
446 356 625 394 exemplum
657 365 676 386 a
706 355 859 394 Pompeio
890 354 1001 392 Trogo
1032 354 1250 393 perscriptum
1281 352 1429 383 Iustinus

200 404 360 442 epitomae
375 404 535 435 inseruit?
562 403 739 442 Postquam
754 406 791 433 ut
804 403 968 441 prioribus
990 402 1111 432 aetatis
1127 402 1220 433 annis
1237 410 1271 432 se
1286 400 1430 439 gesserit

199 450 408 483 Mithridates
435 455 468 482 et
494 452 630 482 consilia
656 451 797 489 augendi
823 451 919 489 regni
944 450 1079 489 imperio
1111 450 1192 481 inito
1218 450 1349 480 molitus
1376 448 1430 485 sit,

197 499 231 530 ll.
252 499 423 531 XXXVII
445 503 478 529 et
498 498 689 530 XXXVIII
716 508 741 529 c.
764 499 839 529 1-—3
863 499 1004 537 scriptor
1034 499 1189 537 prodidit,
1220 498 1254 528 in
1285 500 1429 528 extremo

199 556 267 586 cap.
281 548 299 577 3
321 548 360 578 de
381 548 467 577 bello
489 551 603 578 contra
623 547 788 577 Romanos
809 547 873 577 iam
893 546 1047 577 inchoato
1070 546 1214 584 disserit,
1236 545 1287 576 eui
1302 545 1429 575 Mithri-

199 595 284 626 datis
307 595 485 625 orationem
507 595 548 625 ad
569 594 812 625 inflammandos
833 594 953 625 milites
970 594 1125 631 annectit,
1148 603 1211 632 qua
1226 594 1327 632 copiis
1343 593 1426 624 exci-

198 643 279 674 tatis
312 646 380 673 tum
411 642 622 681 primum‘jn
653 642 802 674 Romana
832 644 921 674 bella
951 652 1063 682 regem
1095 641 1311 672 descendisse‘
1342 641 1430 672 dicit.

199 691 304 730 Quam
334 691 367 721 in
402 691 595 729 scriptorum
630 691 898 730 discrepantiam,
934 701 1017 730 quae
1053 691 1094 720 ad
1130 690 1430 720 commentationem

199 748 300 770 meam
323 739 529 769 tractandam
551 739 685 769 multum
706 739 805 775 valet,
827 739 913 770 infra
933 739 1055 770 redibo.

277 787 477 827 Quamquam
507 787 609 826 igitur
635 787 813 819 Sallustius
845 792 878 819 et
908 788 1081 827 Pompeius
1109 788 1239 826 Trogus
1272 787 1356 826 quod
1388 787 1430 818 ad

197 840 323 875 tempus
353 836 498 875 pertinet
529 837 740 875 dissentiunt,
773 840 881 867 tamen
917 837 1028 868 multis
1065 838 1099 867 in
1130 838 1228 868 rebus
1260 836 1428 872 sermonis,

200 893 292 923 quem
314 894 414 924 supra
437 886 583 924 diximus,
616 886 729 916 mirum
755 885 788 916 in
814 885 940 916 modum
967 886 1183 924 consentiunt,
1210 886 1308 916 etiam
1331 894 1429 924 saepe

197 942 300 972 paene
323 933 364 964 ad
384 934 517 965 verbum
540 934 737 973 conspirant.
780 933 885 972 Quam
912 934 954 965 ad
974 944 1041 965 rem
1064 935 1333 973 comprobandam
1355 943 1427 964 con-

197 982 286 1012 feras
307 982 403 1020 locos,
436 983 489 1021 qui
516 987 703 1021 sequuntur,
737 986 803 1013 tam
834 992 1004 1021 congruos,
1036 987 1072 1013 ut
1099 992 1184 1021 quae
1206 983 1428 1015 contendimus

196 1030 298 1068 primo
320 1031 434 1060 obtutu
457 1031 617 1061 eluceant.

452 1135 531 1167 Sall.

236 1194 267 1224 1:
291 1192 419 1232 Omnes,
436 1194 489 1232 qui
511 1187 660 1225 secundis
681 1195 779 1225 rebus

197 1241 264 1273 suis
282 1242 323 1273 ad
338 1242 415 1273 belli
431 1243 619 1274 societatem
634 1247 780 1282 orantur,

196 1291 402 1322 considerare
415 1292 543 1331 debent,
558 1293 698 1324 liceatne
712 1296 780 1324 tum

195 1349 306 1378 pacem
328 1349 437 1378 agere.

235 1388 335 1419 addas
351 1387 423 1420 Cat.
440 1389 485 1426 17,
500 1389 533 1420 5:
549 1390 668 1421 bellum
685 1399 779 1429 quam

194 1446 305 1475 pacem
327 1438 470 1468 mallent.

233 1485 266 1516 2:
288 1485 351 1516 nisi
372 1486 483 1517 hostes
506 1487 657 1525 oportuni
666 1487 690 1524 ²)
714 1512 719 1518 .
743 1512 749 1518 .
773 1512 779 1518 .

194 1542 298 1572 neque
312 1537 425 1573 petere
432 1535 568 1566 audeam
582 1535 780 1567 societatem.

233 1582 285 1613 ⁶22:
312 1583 459 1614 latrones
480 1584 626 1622 gentium
649 1586 779 1624 obpres-

195 1631 286 1662 sisse.
320 1632 358 1662 cf.
382 1631 454 1663 Cat.
476 1633 523 1671 59,
550 1633 578 1664 5.

235 1680 285 1711 10:
307 1690 365 1719 me,
394 1691 486 1720 quem
500 1691 559 1721 per
573 1682 780 1714 Nicomedem

194 1729 279 1760 bello
301 1730 548 1762 lacessiverunt.

234 1828 284 1859 11:
312 1828 413 1859 ultum
441 1839 502 1868 ego
523 1829 661 1861 iniurias
684 1856 689 1861 .
713 1856 718 1861 .
742 1856 748 1862 .
772 1857 777 1862 .

192 1876 371 1915 Asiamque
392 1879 509 1917 recepi.

235 1925 286 1956 13:
298 1925 442 1957 Marcum
450 1926 590 1966 Cottam,
599 1928 778 1959 Romanum

194 1973 317 2010 ducem,
341 1975 427 2013 apud
454 1975 662 2007 Chalcedona
688 1980 780 2007 terra

193 2022 272 2057 fudi,
300 2023 383 2053 mari
409 2024 482 2054 exui
504 2025 609 2056 classe
631 2026 778 2064 pulcher-

192 2079 283 2101 rnna.

1085 1137 1195 1175 Iust.¹)

879 1194 909 1232 4,
922 1195 952 1226 1:
976 1195 1160 1234 Optandum
1176 1195 1238 1226 sibi
1251 1195 1353 1225 fuisse
1369 1195 1426 1232 ait,

840 1247 877 1275 ut
898 1244 937 1275 de
959 1253 996 1275 eo
1018 1244 1134 1275 liceret
1156 1244 1335 1282 consulere,
1356 1243 1426 1274 bel-

839 1294 946 1324 lumne
969 1294 1012 1324 sit
1033 1303 1103 1324 eum
1124 1293 1280 1324 Romanis
1302 1303 1343 1324 an
1362 1302 1427 1332 pax

840 1342 998 1372 habenda.

879 1487 912 1518 2:
945 1488 1021 1526 quin
1041 1496 1120 1518 vero
1148 1487 1191 1518 sit
1211 1487 1428 1518 resistendum

841 1537 1106 1576 impugnantibus
1129 1536 1246 1576 quippe
1269 1536 1427 1567 adversus

842 1587 1011 1617 latronem.

879 1685 911 1715 3:
928 1693 969 1715 an
983 1684 1083 1715 liceat
1098 1684 1264 1722 quiescere
1278 1692 1342 1713 non
1357 1686 1427 1713 tan-

841 1736 907 1763 tum
931 1733 1035 1763 animo
1057 1733 1233 1770 hostiliter,
1255 1732 1312 1763 sed
1328 1732 1427 1762 etiam

839 1782 963 1822 proelio
985 1782 1180 1821 congressis.

878 1832 913 1862 4:
933 1831 1097 1863 Romanos
1112 1831 1197 1862 vinci
1211 1839 1307 1869 posse
1319 1830 1427 1868 cogni-

840 1883 908 1911 tum
930 1905 935 1911 .
959 1905 965 1911 .
988 1904 995 1911 .
1018 1880 1089 1911 sibi.

271 2206 291 2242 ¹)
312 2207 416 2236 Iustini
436 2208 523 2238 verba
543 2209 660 2238 laudavi
682 2219 715 2239 ex
735 2210 809 2239 lusti
829 2211 908 2249 Icepi
929 2211 1055 2241 editione
1077 2212 1155 2249 Lips.
1179 2212 1262 2241 1849.

270 2245 291 2279 ²)
311 2246 435 2275 Romani
456 2249 523 2276 sunt
543 2249 683 2285 oportuni,
705 2249 771 2286 quia
792 2250 873 2286 quasi
893 2253 961 2279 ante
981 2252 1095 2287 portum
1117 2252 1185 2279 sunt
1205 2251 1222 2279 i.
1238 2260 1262 2279 e.
1283 2250 1372 2279 vicini
1394 2253 1423 2279 et

191 2292 278 2321 prope
303 2285 445 2314 instantes
478 2286 674 2324 impetumque
716 2288 876 2323 minantes,
908 2288 1146 2326 quemadmodum
1185 2291 1263 2318 recte
1299 2288 1427 2318 Kritzius

191 2322 220 2352 h.
241 2323 260 2352 l.
281 2323 497 2361 interpretatur.
