1604 2528
183 156 215 189 h.
236 156 256 188 I
277 156 327 188 18:
351 155 433 196 Quis
453 157 554 189 rebus
575 157 746 198 suspectis.

185 204 221 237 C.
243 205 293 243 37,
320 205 350 236 1:
384 205 516 243 conscii,
537 205 773 239 coniurationis

222 253 365 286 fuerant.

184 302 212 335 Ι.
232 302 281 342 71,
302 302 335 334 4:
357 302 400 334 ad
418 311 532 343 regem
552 304 673 344 pergit.

183 351 215 383 h.
226 351 265 383 11
275 351 324 391 41,
336 351 350 383 1
360 363 368 383 ε
380 352 506 383 animus
517 353 651 392 negotio
662 353 775 385 defuit.

183 399 211 433 Ι.
233 400 300 440 102,
321 400 353 432 9:
375 399 510 433 fortuna
524 400 627 441 regit.

184 498 221 530 C.
241 498 290 538 36,
306 497 341 530 2ε
362 498 446 530 diem
467 498 596 531 statuit.

184 523 328 579 h.122:
350 546 421 579 deis
442 550 586 580 sacrata.

183 596 211 628 I.
232 596 281 634 93,
302 596 334 628 2:
356 599 513 629 aestuans
534 597 690 637 agitaret

183 645 211 677 Ι.
233 645 281 684 87,
304 645 334 677 1:
356 646 484 685 proelia
503 646 623 678 facere.

183 694 214 727 h
235 693 288 728 IV
308 694 431 734 61,12;
453 695 599 728 exercitu
620 696 759 736 prodito.

185 841 222 874 C.
234 842 262 881 8,
273 842 306 874 2:
320 841 574 874 Atheniensium
584 852 638 874 res
649 846 775 883 gestae,

224 890 318 930 sicut,
325 900 386 930 ego
394 894 549 930 aestumo,
556 892 639 923 satis
647 892 773 931 amplae

223 939 479 979 magnificaeque
500 939 601 972 fuere.

183 988 212 1020 Ι.
232 988 280 1027 78,
301 988 333 1020 2:
355 988 465 1020 limum
487 988 632 1020 trahunt.

184 1037 214 1069 h.
235 1037 294 1070 ΙΙΙ
315 1037 367 1070 1οι
388 1038 561 1070 maximum
575 1047 648 1070 esse
663 1038 774 1071 Nilum

223 1087 441 1125 consentitur:
472 1086 627 1118 Proxima
650 1087 775 1127 magni-

222 1135 336 1167 tudine
358 1144 431 1168 esse
460 1135 614 1167 Histrum
641 1135 775 1176 scripsit

835 156 890 192 14:
912 153 1006 198 Quae
1025 166 1081 190 res
1102 160 1265 199 suspecta.

836 206 887 237 19:
908 205 1031 237 conscii
1050 206 1143 237 fuere
1163 206 1259 239 huius
1275 206 1423 238 coniura-

873 254 982 287 tionis.

835 304 877 336 ad
896 303 1024 343 regiam
1044 307 1196 344 pergunt.

835 352 888 384 20:
910 352 1026 392 quibus
1047 353 1172 384 animus
1193 353 1306 384 defuit.

834 401 886 433 23:
907 400 1042 433 fortuna
1060 404 1208 441 regente.

834 460 904 491 cap.
926 451 973 482 10.

831 500 864 532 4:
886 499 939 532 die
959 501 1096 532 statuta.

832 549 865 582 5:
888 549 947 581 deo
969 551 1127 581 sacratos.

834 598 850 616 *
872 598 923 630 15:
946 601 1120 630 aestuante
1139 607 1230 637 rege.

833 647 886 679 21:
906 647 1034 687 proelia
1053 646 1142 678 facit.

832 696 888 728 22:
910 696 1089 728 exercitum
1108 695 1227 736 prodit.

1047 755 1133 787 liber
1153 754 1200 787 11.

835 793 851 811 *
873 803 943 834 cap.
965 794 991 826 1.

836 843 868 875 1:
889 851 999 874 rerum
1026 843 1067 874 ab
1096 842 1230 882 Scythis
1255 845 1423 882 gestarum

873 891 955 923 satis
996 892 1124 930 amplae
1167 891 1423 930 magnificaeque

871 939 1014 971 fuerunt.

835 988 870 1021 21
880 1000 887 1021 :
908 989 940 1021 N
941 989 978 1021 ili
998 989 1171 1021 trahentis.

185 1183 378 1223 Sallustius:
411 1183 527 1223 quibus
559 1192 630 1215 cum
650 1184 762 1216 verbis
792 1193 867 1215 num
898 1184 1056 1223 Iustinus,
1088 1184 1143 1223 qui
1162 1184 1238 1216 inde
1264 1194 1285 1216 a
1304 1185 1323 1223 ξ
1342 1184 1363 1215 5
1383 1184 1423 1215 de

184 1231 323 1271 Scythia
358 1234 393 1263 et
420 1231 578 1271 Aegypto
615 1231 806 1271 disputavit,
838 1232 1029 1271 cohaereat,
1066 1232 1099 1263 in
1130 1231 1234 1263 medio
1265 1241 1422 1271 ponamus

183 1288 317 1312 necesse
338 1283 399 1312 est.

183 1378 214 1410 h.
235 1377 294 1409 ΙΙΙ
315 1377 367 1410 51:
393 1377 538 1417 Scythae
551 1377 705 1410 nomades
726 1380 773 1409 te-

223 1429 313 1466 nent,
344 1427 460 1466 quibus
493 1426 646 1466 plaustra
679 1426 773 1458 sedes

225 1478 310 1508 sunt.

185 1671 222 1704 O.
245 1671 273 1711 9,
296 1671 327 1702 1:
349 1671 400 1702 ius
421 1671 602 1709 bonumque
618 1670 704 1710 apud
719 1679 774 1702 eos

222 1728 287 1751 non
312 1719 442 1759 legibus
466 1719 571 1757 magis
597 1727 693 1758 quam
717 1727 773 1750 na-

222 1771 301 1799 tura
320 1767 464 1799 valebat.

183 1816 259 1849 Vid.
281 1825 383 1856 supra
402 1825 478 1856 pag.
499 1816 546 1848 30.

182 1866 210 1898 Ι.
232 1866 282 1904 89,
300 1865 333 1897 7:
354 1865 442 1897 lacte
462 1865 689 1897 vescebantur.

183 1914 213 1946 h.
234 1914 295 1946 inc.
319 1914 371 1945 19:
393 1913 516 1946 Vestes
537 1913 577 1945 de
597 1913 748 1954 pellibus.

184 1963 220 1996 C.
242 1963 270 1999 2.
292 1963 323 1996 1:
350 1963 421 1995 vita
445 1962 608 1994 hominum
630 1963 699 1995 sine
721 1972 773 1995 cu-

222 2013 363 2053 piditate
389 2012 591 2051 agitabatur,
622 2021 683 2043 sua
708 2013 772 2044 cui-

224 2070 285 2101 que
307 2061 390 2094 satis
410 2060 595 2101 placebant.

184 2110 221 2143 C.
242 2111 271 2150 5,
291 2110 324 2142 4:
346 2110 446 2142 alieni
467 2110 635 2149 adpetens.

184 2158 221 2190 C.
242 2158 271 2195 2,
291 2158 324 2190 5:
346 2159 402 2190 ubi
421 2167 482 2198 pro
503 2158 706 2189 continentia
725 2157 772 2189 lu-

221 2207 307 2239 bido.

183 2256 214 2288 h.
229 2256 281 2288 IV
296 2256 345 2294 61,
359 2256 392 2288 5:
415 2256 531 2296 cupido
544 2255 708 2295 profunda
727 2256 773 2288 di-

221 2304 386 2337 vitiatum.

833 1329 952 1409 gffpne}
969 1377 1081 1410 domus
1101 1377 1168 1410 illis
1188 1378 1258 1410 ulla
1279 1381 1337 1410 aut
1357 1380 1423 1410 tec-

873 1429 940 1467 tum
963 1429 1021 1458 aut
1042 1426 1137 1458 sedes
1157 1429 1218 1459 est.

833 1475 866 1507 4:
898 1484 1017 1507 uxores
1046 1475 1232 1516 liberosque
1258 1485 1366 1508 secum
1389 1477 1423 1508 in

874 1524 1033 1563 plaustris
1048 1524 1181 1564 vehunt,
1196 1524 1312 1564 quibus
1326 1526 1423 1557 coriis
1472 1533 1488 1543 ²

873 1588 912 1594 —
937 1572 1035 1604 tectis
1060 1572 1121 1613 pro
1152 1572 1298 1605 domibus
1328 1576 1422 1605 utun-

874 1623 939 1652 tur.

834 1669 866 1701 5:
888 1669 1025 1701 Iustitia
1044 1669 1154 1709 gentis
1168 1669 1309 1708 ingeniis
1324 1670 1423 1708 culta,

873 1727 938 1749 non
958 1717 1095 1756 legibus.

873 1766 891 1804 ξ
913 1765 959 1798 10.

833 1815 865 1846 7:
887 1814 1006 1854 reliqui
1025 1814 1191 1846 mortales.
1212 1814 1229 1853 ἓ
1252 1815 1298 1846 11.

833 1864 866 1895 8;
887 1863 975 1895 lacte
995 1868 1182 1895 vescuntur.

834 1912 866 1944 9:
887 1912 1029 1952 pellibus
1050 1911 1165 1943 ferinis
1186 1914 1333 1943 utuntur.

835 1961 885 1993 10:
907 1961 1109 1993 continentia
1129 1978 1163 1983 -
1179 1960 1262 1993 nihil
1282 1960 1422 1993 alienum

873 2011 1185 2050 concupiscentibus.
1230 2043 1237 2045 „

833 2060 865 2092 7:
888 2068 1003 2092 aurum
1022 2077 1062 2082 —
1083 2060 1251 2100 adpetunt.

835 2255 886 2288 10:
909 2255 1098 2288 divitiarum
1119 2256 1244 2296 cupido.
