1604 2528
776 87 816 124 13

263 193 425 235 Porphyr.
437 204 546 228 comm.
562 195 596 227 in
615 195 734 227 Horat.
750 204 842 227 serm.
857 194 877 226 Ι
892 195 919 234 1,
935 194 988 226 101
1016 193 1059 233 (p.
1076 193 1141 228 188.
1156 192 1196 225 30
1209 192 1258 225 ed.
1273 189 1414 232 Meyer):

185 243 363 277 Sallustius
385 243 522 284 Crispus
542 244 753 276 historiarum
774 244 923 283 scriptor.

263 311 302 316 —
322 293 340 325 Ι
363 294 408 333 10,
430 294 448 325 9
471 293 514 333 (p.
535 292 603 331 237,
624 292 692 331 23):
720 292 924 331 eloquentiae
955 292 1061 323 virtus
1083 300 1147 323 non
1169 293 1296 322 tantum
1322 289 1355 320 in
1377 298 1414 320 eo

188 346 248 382 est,
269 346 306 374 ut
326 351 431 382 pauca
456 342 593 382 copiose,
615 341 672 372 sed
698 341 797 372 etiam
822 343 859 372 ut
878 341 1025 372 breviter
1044 339 1148 371 multa
1168 339 1328 372 dicantur.
1369 339 1416 370 sic

184 395 218 422 et
238 391 368 422 Marcus
390 390 474 422 Cato
496 415 503 421 .
526 415 532 421 .
555 415 561 421 .
586 389 764 420 Sallustius
785 389 941 423 laudatur
961 388 1073 427 paucis
1095 387 1287 419 absolvisse.

263 438 361 471 Marii
381 438 540 471 Victorin.
562 441 624 469 art.
646 441 728 477 grtc.
744 437 764 468 l.
780 436 838 468 ΙΙΙ
863 436 929 475 (VI
942 446 972 477 p.
989 436 1055 475 126,
1070 435 1105 467 21
1122 436 1196 474 K.):
1217 434 1292 467 Non
1306 444 1417 475 super-

186 489 324 520 sederim
346 488 444 519 etiam
466 486 678 524 Sassustiano,
701 486 755 524 qui
775 484 908 525 profluit
929 494 969 516 ex
982 488 1189 524 pentametro
1203 485 1303 516 heroo
1325 484 1418 522 ,falso

185 537 333 576 queritur
354 534 424 567 etc.¹

263 584 431 616 Diomedis
458 586 520 614 art.
547 586 630 622 grtc.
657 582 695 614 Π
722 582 754 620 (Ι
779 592 809 621 p.
831 582 898 621 468,
927 582 963 614 12
983 583 1041 620 K.)
1075 582 1268 613 Sallustium
1294 590 1419 620 quoque

184 634 218 665 in
243 632 402 673 principio
428 631 611 671 Iugurthae
642 640 662 662 a
691 630 820 671 rythmo
852 631 1006 670 coepisse.

263 681 382 713 Avien.
410 690 455 712 or.
476 680 625 711 maritim.
647 679 686 711 32
708 689 781 719 sqq:
803 704 957 711 ......
979 680 1131 711 Maeotici

421 729 512 761 Situs
535 729 606 768 quis
628 731 716 760 esset
737 728 897 767 aequoris.
938 728 1132 760 Sallustium

420 777 544 811 Noram
564 777 598 809 id
618 777 756 816 dedisse,
779 777 867 808 dicta
888 780 922 808 et
943 777 1012 807 eius
1034 777 1183 809 omnibus

420 825 674 858 Praeiudicatae
696 825 904 856 auctoritatis
926 825 1037 856 ducier

420 875 494 908 Non
515 875 704 907 abnuebam.
747 874 789 905 ad
810 874 879 905 eius
900 873 1003 912 igitur
1024 874 1170 906 inclitam

420 923 692 963 Descriptionem,
715 931 777 961 quo
797 922 940 953 locorum
961 921 1132 953 formulam

421 972 664 1010 Imaginemque
686 979 860 1010 expressor
881 970 996 1001 efficax
1017 970 1086 1002 stili

420 1020 466 1052 Et
486 1020 638 1052 veritatis
658 1028 762 1059 paene
783 1018 816 1050 in
837 1019 971 1051 obtutus
991 1019 1082 1051 dedit

422 1070 551 1109 Lepore
572 1069 706 1108 linguae
727 1068 829 1099 multa
850 1077 957 1099 rerum
978 1068 1139 1101 iunximus

422 1118 473 1149 Ex
494 1117 703 1157 plurimorum
725 1118 854 1155 sumpta
875 1118 1123 1149 commentariis.

265 1166 433 1199 Ausonius
464 1168 623 1206 protrept.
656 1164 695 1196 de
732 1164 842 1196 studio
872 1164 1007 1197 iuvenili
1037 1165 1129 1206 idyll.
1161 1166 1213 1200 IV
1244 1167 1283 1198 62
1308 1167 1421 1207 nepoti

188 1216 382 1248 Sallustium
404 1214 604 1246 commendat
623 1213 712 1244 hisce
732 1213 856 1244 verbis:

343 1263 415 1294 Iam
435 1262 570 1299 facinus,
592 1260 747 1298 Catilina,
768 1263 867 1299 tuum,
888 1260 1068 1301 Lepidique
1089 1262 1272 1302 tumultum,

345 1310 400 1342 Ab
421 1309 546 1349 Lepido
568 1311 602 1340 et
623 1307 742 1340 Catulo
762 1308 827 1339 iam
846 1317 901 1340 res
923 1312 957 1340 et
976 1312 1124 1349 tempora
1143 1310 1268 1343 Romae

345 1359 458 1397 Orsus,
479 1358 627 1389 bissenos
649 1356 765 1388 seriem
786 1360 941 1388 connecto
961 1367 1021 1397 per
1042 1367 1153 1390 annos.

343 1407 416 1438 Iam
436 1407 510 1445 lego
532 1405 621 1437 civili
640 1404 770 1436 mistum
789 1404 940 1436 Mavorte
961 1406 1112 1446 duellum,

344 1455 447 1486 Movit
468 1454 552 1493 quod
573 1454 658 1485 socio
681 1452 848 1484 Sertorius
870 1454 945 1485 exul
965 1454 1072 1486 Ibero.

343 1503 413 1535 Nec
433 1503 523 1534 rudis
544 1502 605 1533 hoc
626 1511 707 1533 avus
729 1502 894 1540 admoneo,
916 1503 973 1534 sed
992 1503 1081 1535 mille
1102 1504 1245 1536 docendo

343 1551 483 1591 Ingenia
504 1553 659 1590 expertus
680 1553 741 1582 etc.

266 1600 447 1641 Symmach.
473 1599 566 1639 epist.
593 1599 612 1630 Ι
637 1599 675 1631 25
698 1599 760 1637 (ed.
787 1599 915 1639 Parei):
937 1601 1089 1633 imitabor
1111 1600 1306 1633 Sallustiani
1326 1603 1418 1634 testi-

187 1650 285 1682 monii
305 1648 564 1687 castigationem.

265 1716 306 1720 —
326 1697 378 1730 IV
398 1696 451 1729 24:
473 1696 507 1728 in
527 1697 742 1728 monumentis
764 1696 985 1730 Sallustianis.

268 1763 308 1769 -κ
329 1747 361 1779 V
382 1747 433 1777 68:
456 1755 571 1777 recuso
587 1746 791 1784 sententiam,
813 1755 896 1785 quae
916 1755 984 1777 rem
1004 1747 1188 1778 venaticam
1199 1748 1318 1779 servile
1334 1747 1422 1778 ducit

188 1795 335 1827 officium.
393 1793 559 1826 Statuerit
588 1793 649 1824 hoc
680 1794 823 1834 scriptor
853 1794 929 1826 stilo
961 1797 1089 1827 tantum
1120 1796 1317 1836 probandus,
1348 1806 1421 1827 nam

187 1853 309 1876 morum
337 1843 406 1875 eius
433 1843 550 1874 damna
576 1851 640 1873 non
661 1842 781 1881 sinunt,
807 1846 844 1874 ut
870 1844 911 1874 ab
932 1843 989 1875 illo
1012 1844 1159 1882 agendae
1180 1845 1269 1876 vitae
1289 1848 1423 1885 petatur

189 1893 380 1924 auctoritas.

267 1940 360 1974 Serv.
383 1949 491 1972 comm.
503 1940 536 1972 in
547 1940 669 1972 Donat.
692 1939 738 1978 (V
751 1950 782 1980 p.
796 1939 863 1978 447,
880 1941 917 1972 17
931 1941 1004 1980 K.):
1020 1942 1244 1982 cacenphaton
1263 1943 1297 1975 in
1312 1951 1424 1982 sensu,

188 1992 222 2023 in
244 2000 305 2031 quo
326 1990 578 2029 reprehenditur
600 1988 787 2020 Sallustius.

266 2055 306 2061 -
327 2048 435 2070 comm.
456 2037 489 2069 in
512 2038 613 2077 Verg.
634 2037 719 2069 Aen.
734 2037 753 2068 I
767 2038 798 2068 6:
816 2037 900 2069 Cato
914 2037 948 2069 in
963 2038 1144 2077 originibus
1158 2039 1219 2071 hoc
1234 2039 1322 2079 dicit,
1333 2038 1424 2070 cuius

189 2087 420 2120 auctoritatem
442 2086 621 2119 Sallustius
643 2087 791 2126 sequitur
811 2086 845 2118 in
865 2086 951 2118 bello
975 2086 1149 2120 Catilinae.

267 2153 307 2158 —
327 2136 369 2168 ib.
391 2135 425 2167 X
447 2136 519 2168 105:
532 2161 641 2168 ......
653 2136 736 2167 bene
757 2136 941 2167 sententiae
963 2137 1120 2168 dicendae
1141 2137 1286 2169 ordinem
1302 2140 1423 2170 servat.

191 2184 277 2218 Nam
297 2185 383 2217 sicut
405 2187 439 2216 et
458 2185 490 2216 in
507 2184 665 2217 Sallustio
682 2209 688 2216 .
705 2209 711 2216 .
728 2209 734 2216 .
749 2184 897 2224 legimus,
919 2187 1093 2225 antequam
1109 2186 1237 2218 dicatur
1252 2187 1425 2226 sententia,

189 2235 258 2268 eius
279 2235 504 2275 praemittitur
524 2235 621 2266 ratio.
834 2244 841 2249 ·

267 2284 459 2323 Hieronym.
482 2284 524 2314 ad
543 2283 712 2314 Heliodor.
735 2283 877 2323 epitaph.
899 2282 1077 2323 Nepotiani
1098 2284 1130 2315 D
1151 2285 1190 2316 55
1213 2285 1245 2322 (Ι
1264 2294 1294 2324 p.
1315 2284 1354 2316 26
1376 2284 1425 2315 ed.

188 2332 345 2371 Erasm.):
378 2330 493 2370 Neque
521 2332 604 2364 enim
630 2332 803 2364 historiam
833 2332 987 2372 proposui
1019 2333 1172 2373 scribere,
1205 2334 1263 2364 sed
1294 2335 1426 2365 nostras

1214 2383 1248 2414 1*
