1604 2528
773 100 812 132 11

258 230 297 235 —-
317 212 375 245 ΙΠ
386 214 404 245 6
416 213 459 253 (p.
472 213 559 252 107):
575 213 719 251 Figuras
734 214 842 253 etiam,
858 223 938 253 quas
954 212 1073 245 Graeci
1088 206 1268 258 σχήματα
1282 217 1411 252 vocant,

182 261 273 294 illum
293 262 460 302 historiae,
483 263 567 294 hunc
595 263 735 294 orationi
754 266 972 302 congruentes
992 262 1193 299 adhibuisse;
1216 260 1409 293 Sallustium

182 310 354 352 antithetis
386 311 522 343 honeste
555 311 740 350 compositis
762 320 868 342 usum:
899 311 1009 349 ,alieni
1030 311 1202 350 adpetens;
1234 309 1316 341 satis
1347 309 1412 340 elo-

186 360 348 397 quentiae,
370 359 552 398 sapientiae
573 362 714 397 parum‘;
735 359 963 397 paronomasia
984 359 1083 389 etiam
1104 367 1167 388 non
1189 357 1332 388 absurda
1353 366 1412 386 nec

181 405 310 446 fribola,
332 407 389 438 sed
409 408 513 446 proba
534 410 568 438 et
588 407 747 446 eleganti:
770 407 939 438 simulator
961 416 999 437 ac
1020 406 1250 437 dissimulator.

259 472 298 475 —
318 465 347 495 p.
383 455 452 487 108:
484 454 558 487 Non
579 480 585 486 .
608 480 614 485 .
637 480 643 486 .
667 457 742 494 post
772 454 830 486 illa
859 454 999 486 Sallusti
1030 458 1064 485 et
1077 453 1166 485 Tulli
1201 454 1240 485 de
1269 452 1414 484 Catilina

181 502 220 534 L.
234 502 361 534 Antoni
381 527 388 534 .
411 528 417 533 .
439 527 446 533 .
468 506 544 533 utus
566 503 614 533 ait
633 503 788 541 putabam
809 502 991 534 ostendere.

259 551 415 582 Fronton.
437 551 530 590 epist.
547 551 588 581 ad
602 550 643 581 M.
663 550 866 581 Antoninum
888 550 926 581 de
948 550 1135 589 eloquentia
1155 550 1173 580 3
1196 549 1239 588 (p.
1256 549 1341 586 149):
1363 548 1413 579 At

121 611 126 615 ·
183 599 238 629 ubi
260 598 396 630 Catonis
426 601 459 629 et
481 597 620 629 Sallusti
646 601 680 629 et
701 598 791 629 Tulli
816 599 897 628 tuba
923 598 1079 628 exaudita
1105 601 1165 635 est,
1191 597 1361 636 trepidant
1382 600 1416 627 et

181 650 307 685 pavent
328 650 361 678 et
382 645 494 684 fugam
520 645 647 676 frustra
667 646 876 677 meditantur.

262 693 379 725 Granii
399 693 563 724 Liciniani
583 693 603 724 l.
625 692 777 725 XXXVI
810 692 862 730 (=
882 702 911 732 p.
933 692 971 724 43
993 692 1025 723 A
1052 693 1088 723 18
1109 709 1147 713 ——
1167 692 1197 723 B
1219 693 1238 723 8
1259 692 1308 723 ed.
1329 691 1416 723 Bon-

182 751 273 774 nens.
293 742 383 781 Lips.
408 742 511 779 1858):
539 740 678 773 Sallusti
704 751 783 781 opus
809 742 902 773 nobis
924 742 1076 780 occurrit,
1098 741 1155 772 sed
1186 750 1245 772 nos
1267 744 1304 772 ut
1323 741 1416 772 insti-

182 791 302 821 tuimus
328 799 436 821 moras
463 794 498 821 et
523 798 587 821 non
613 790 767 828 urgentia
788 790 981 821 omittemus.
1015 789 1103 827 (nam
1130 788 1322 821 Sallustium
1349 799 1415 822 non

183 842 221 870 ut
241 838 432 870 historicum
447 839 602 877 scribunt,
624 839 681 871 sed
696 842 733 870 ut
747 842 910 870 oratorem
924 838 1110 877 legendum)
1127 847 1199 869 nam
1222 842 1256 870 et
1269 841 1417 877 tempora

183 886 397 925 reprehendit
428 896 487 917 sua
519 890 553 917 et
584 887 705 917 delicta
734 887 841 925 carpit
873 889 905 917 et
937 886 1080 917 convitia
1106 886 1229 924 ingerit
1250 889 1284 917 et
1305 886 1417 918 datin

184 943 314 966 censum
335 933 407 964 loca
428 937 552 965 montes
573 933 705 965 flumina
731 937 765 965 et
790 935 850 965 hoc
880 943 983 973 genus
1012 934 1079 965 alia
1100 938 1133 965 et
1155 934 1266 973 culpat
1287 938 1323 966 et
1343 944 1416 965 con-

183 985 282 1022 parat
303 982 502 1013 disserendo.

262 1029 347 1061 Gell.
368 1030 386 1061 Ι
409 1031 454 1070 15,
482 1031 517 1061 13
545 1030 607 1067 (ed.
629 1030 767 1068 Hertz):
808 1029 979 1070 Eupolidis
1006 1055 1012 1062 .
1035 1055 1041 1061 .
1065 1056 1071 1062 .
1093 1040 1210 1063 versus
1232 1030 1415 1063 Sallustius

184 1082 297 1111 noster
319 1079 442 1110 imitari
463 1079 584 1110 uolens.

264 1144 299 1149 ——
322 1127 340 1158 Ι
363 1128 408 1164 15,
431 1128 484 1159 18;
506 1127 657 1158 nouatori
677 1128 850 1158 uerborum
872 1127 1038 1158 Sallustio.

262 1192 298 1197 -
319 1175 357 1207 II
371 1176 418 1214 27,
433 1175 465 1206 2:
486 1175 716 1207 Demosthenis
732 1201 739 1207 .
761 1201 767 1207 .
791 1201 797 1207 .
813 1176 907 1207 Haec
923 1176 1080 1207 aemulari
1094 1175 1208 1209 uolens
1224 1174 1413 1210 Sallustius.

265 1242 299 1247 —
322 1225 353 1256 3:
368 1224 420 1255 De
435 1223 604 1263 utriusque
618 1223 668 1255 his
682 1225 792 1256 uerbis
808 1224 903 1255 Titus
916 1223 1098 1256 Castricius
1111 1234 1181 1256 cum
1195 1226 1374 1258 iudicaret.
1388 1252 1395 1259 .
1408 1252 1415 1258 .

268 1289 300 1294 -—
322 1272 380 1304 III
403 1273 429 1311 1,
449 1273 482 1303 5:
518 1281 610 1303 usum
641 1281 713 1303 esse
738 1271 930 1303 Sallustium
961 1273 1244 1305 circumlocutione
1278 1276 1416 1313 quadam

185 1322 314 1362 poetica
336 1320 423 1358 (Cat.
447 1320 492 1358 11,
514 1320 567 1358 3.).

266 1387 300 1392 —
322 1370 363 1401 ib.
385 1370 417 1401 6:
459 1368 651 1400 Sallustium
672 1369 724 1400 uel
746 1369 990 1400 subtilissimum
1010 1370 1186 1401 breuitatis
1208 1371 1376 1403 artificem.

264 1434 302 1440 —
316 1418 368 1451 IV
381 1418 426 1455 15,
441 1417 454 1447 1
469 1428 475 1447 :
494 1417 673 1455 Elegantia
688 1417 845 1458 orationis
858 1416 1009 1448 SaHustii
1023 1419 1258 1457 uerborumque
1271 1420 1415 1458 fingendi

187 1470 221 1499 et
241 1466 382 1498 nouandi
403 1465 543 1496 studium
565 1473 635 1495 cum
655 1465 758 1496 multa
778 1474 913 1504 prorsus
934 1465 1058 1497 inuidia
1078 1466 1150 1505 fuit,
1172 1467 1327 1507 multique
1350 1477 1413 1500 non

186 1515 340 1547 mediocri
360 1514 490 1552 ingenio
511 1513 575 1545 uiri
605 1514 714 1545 conati
744 1517 823 1545 sunt·
852 1514 1093 1553 reprehendere
1128 1516 1284 1555 pleraque
1306 1521 1340 1548 et
1361 1519 1414 1548 ob-

187 1568 340 1595 trectare.
372 1563 412 1593 In
435 1562 549 1600 quibus
571 1562 667 1600 plura
687 1562 804 1593 inscite
826 1565 884 1593 aut
897 1562 1039 1601 maligne
1053 1563 1218 1595 uellieant.
1249 1565 1415 1597 Nonnulla

189 1616 298 1644 tamen
319 1611 424 1642 uideri
444 1614 581 1650 possunt
602 1619 665 1641 non
685 1610 822 1649 indigna
841 1611 1094 1650 reprehensione
1118 1616 1178 1643 etc.

265 1678 303 1682 ——
324 1660 376 1692 IX
399 1661 445 1700 14,
466 1660 518 1691 26:
541 1659 613 1699 Ego
630 1670 754 1700 quoque
775 1661 809 1691 in
823 1661 847 1692 J
849 1661 993 1700 ugurtha
1007 1661 1159 1693 Sallustii
1180 1672 1320 1694 summae
1341 1663 1417 1695 fidei

188 1713 222 1741 et
241 1710 442 1741 reuerendae
465 1709 641 1740 uetustatis
662 1710 746 1740 libro
768 1709 838 1748 ,die‘
860 1720 938 1741 casu
957 1711 1065 1749 patrio
1088 1711 1244 1750 scriptum
1265 1713 1382 1743 inueni.

267 1775 302 1780 —
325 1758 357 1789 X
371 1759 418 1796 20,
442 1757 492 1788 10:
515 1756 694 1789 Sallustius
709 1767 833 1797 quoque
848 1759 1085 1801 proprietatum
1099 1759 1133 1790 in
1149 1760 1259 1792 uerbis
1274 1760 1415 1791 retinen·

187 1806 340 1839 tissimus.

268 1872 302 1877 -—
325 1856 430 1888 XVII
453 1856 502 1887 18:
533 1855 575 1886 M.
596 1855 705 1887 Varro
728 1881 734 1887 .
757 1881 763 1887 .
786 1881 792 1888 .
815 1856 851 1888 C.
874 1855 1067 1888 Sallustium
1089 1858 1280 1897 scriptorem
1311 1859 1417 1890 seriae

187 1903 276 1936 illius
298 1908 332 1936 et
353 1914 488 1936 seuerae
515 1904 682 1944 orationis,
716 1905 749 1936 in
781 1905 872 1937 cuius
903 1906 1043 1937 historia
1073 1906 1220 1939 notiones
1252 1908 1417 1939 censorias

188 1953 260 1985 fieri
282 1956 381 1992 atquc
402 1953 550 1984 exerceri
570 1951 727 1984 uidemus.

268 2018 306 2023 —
327 2001 452 2034 XVIII
473 2001 501 2040 4,
522 2001 555 2032 2:
587 2001 670 2032 Nam
703 2010 773 2032 cum
804 2001 860 2032 ille
883 2002 1038 2039 (iactator
1061 2003 1232 2042 quispiam)
1266 2013 1300 2034 se
1323 2012 1417 2035 unum

189 2053 222 2081 et
247 2050 376 2081 unicum
401 2050 556 2081 lectorem
583 2058 655 2080 esse
684 2053 971 2088 enarratoremque
993 2050 1144 2082 Sallustii
1170 2051 1294 2083 diceret
1315 2062 1417 2092 neque

187 2098 322 2138 primum
345 2101 471 2128 tantam
492 2101 598 2129 cutem
630 2107 668 2128 ac
700 2098 838 2137 speciem
860 2098 1106 2138 sententiarum,
1139 2099 1197 2130 sed
1228 2102 1418 2140 sanguinem

188 2156 313 2186 quoque
333 2146 439 2186 ipsum
460 2156 499 2177 ac
520 2146 692 2177 medullam
714 2147 887 2177 uerborum
909 2146 978 2177 eius
1000 2156 1116 2178 eruere
1138 2150 1236 2187 atque
1257 2149 1418 2189 inspicere

187 2195 317 2236 penitus
336 2195 546 2235 praedicaret
567 2221 572 2227 .
590 2220 595 2227 .
613 2220 619 2227 .
642 2196 673 2227 6:
695 2195 874 2235 priscorum
896 2198 930 2227 et
950 2199 1146 2228 remotorum
1162 2198 1334 2230 uerborum
1356 2207 1418 2230 me-

188 2245 296 2277 dullas
318 2247 351 2276 et
373 2244 574 2285 sanguinem.

264 2292 365 2334 Apul.
392 2294 519 2335 apolog.
547 2293 641 2328 XCV
668 2294 710 2335 (p.
739 2294 803 2335 105,
828 2295 863 2326 19
890 2304 958 2335 sqq.
986 2294 1049 2334 (ed.
1070 2295 1228 2336 Krueger
1247 2313 1287 2323 =
1307 2306 1336 2337 p.
1358 2295 1417 2329 589

188 2343 236 2377 ed.
252 2342 427 2383 Oudend.):
449 2352 670 2384 quamcunque
691 2344 869 2377 orationem
890 2345 1050 2377 struxerit
1069 2344 1202 2384 Avitus,
1224 2346 1273 2378 ita
1291 2344 1419 2378 inierit
