<?xml version="1.0" encoding="UTF-8"?>
<!DOCTYPE html PUBLIC "-//W3C//DTD XHTML 1.0 Transitional//EN"
    "http://www.w3.org/TR/xhtml1/DTD/xhtml1-transitional.dtd">
<html xmlns="http://www.w3.org/1999/xhtml" xml:lang="en" lang="en">
 <head>
  <title>
</title>
<meta http-equiv="Content-Type" content="text/html;charset=utf-8" />
  <meta name='ocr-system' content='tesseract 3.04.00' />
  <meta name='ocr-capabilities' content='ocr_page ocr_carea ocr_par ocr_line ocrx_word'/>
</head>
<body>
  <div class='ocr_page' id='page_1' title='image "4737409_0033.png"; bbox 0 0 1604 2528; ppageno 0'>
   <div class='ocr_carea' id='block_1_1' title="bbox 232 197 707 237">
    <p class='ocr_par' dir='ltr' id='par_1_1' title="bbox 232 197 707 237">
     <span class='ocr_line' id='line_1_1' title="bbox 232 197 707 237; baseline 0.006 -10"><span class='ocrx_word' id='word_1_1' title='bbox 232 197 271 228; x_wconf 92' lang='lat' dir='ltr'>ob</span> <span class='ocrx_word' id='word_1_2' title='bbox 292 197 437 237; x_wconf 88' lang='lat' dir='ltr'>ipsorum</span> <span class='ocrx_word' id='word_1_3' title='bbox 457 197 590 230; x_wconf 86' lang='lat' dir='ltr'>interna</span> <span class='ocrx_word' id='word_1_4' title='bbox 610 198 707 230; x_wconf 88' lang='lat' dir='ltr'>mala.</span> 
     </span>
    </p>
   </div>
   <div class='ocr_carea' id='block_1_2' title="bbox 189 688 783 2347">
    <p class='ocr_par' dir='ltr' id='par_1_2' title="bbox 192 688 782 826">
     <span class='ocr_line' id='line_1_2' title="bbox 232 688 782 728; baseline -0.002 -8"><span class='ocrx_word' id='word_1_5' title='bbox 232 689 282 720; x_wconf 94' lang='lat'>17:</span> <span class='ocrx_word' id='word_1_6' title='bbox 295 698 399 728; x_wconf 87' lang='lat' dir='ltr'>neque</span> <span class='ocrx_word' id='word_1_7' title='bbox 411 688 579 728; x_wconf 89' lang='lat' dir='ltr'>quicquam</span> <span class='ocrx_word' id='word_1_8' title='bbox 593 698 613 719; x_wconf 86' lang='lat' dir='ltr'>a</span> <span class='ocrx_word' id='word_1_9' title='bbox 623 688 782 727; x_wconf 87' lang='lat' dir='ltr'>principio</span> 
     </span>
     <span class='ocr_line' id='line_1_3' title="bbox 192 737 782 778; baseline -0.003 -8"><span class='ocrx_word' id='word_1_10' title='bbox 192 739 255 770; x_wconf 86' lang='lat' dir='ltr'>nisi</span> <span class='ocrx_word' id='word_1_11' title='bbox 282 738 314 770; x_wconf 90' lang='lat' dir='ltr'>vi</span> <span class='ocrx_word' id='word_1_12' title='bbox 341 741 471 778; x_wconf 88' lang='lat' dir='ltr'>partum</span> <span class='ocrx_word' id='word_1_13' title='bbox 497 738 629 774; x_wconf 78' lang='lat' dir='ltr'>habere,</span> <span class='ocrx_word' id='word_1_14' title='bbox 657 737 782 768; x_wconf 88' lang='lat' dir='ltr'>domum</span> 
     </span>
     <span class='ocr_line' id='line_1_4' title="bbox 192 786 682 826; baseline -0.002 -8"><span class='ocrx_word' id='word_1_15' title='bbox 192 787 356 826; x_wconf 85' lang='lat' dir='ltr'>coniuges,</span> <span class='ocrx_word' id='word_1_16' title='bbox 379 796 478 826; x_wconf 85' lang='lat' dir='ltr'>agros</span> <span class='ocrx_word' id='word_1_17' title='bbox 499 786 682 826; x_wconf 79' lang='lat' dir='ltr'>inperium?</span> 
     </span>
    </p>

    <p class='ocr_par' dir='ltr' id='par_1_3' title="bbox 191 835 783 966">
     <span class='ocr_line' id='line_1_5' title="bbox 232 835 783 875; baseline -0.002 -7"><span class='ocrx_word' id='word_1_18' title='bbox 232 836 271 868; x_wconf 88' lang='lat' dir='ltr'>cf.</span> <span class='ocrx_word' id='word_1_19' title='bbox 293 836 368 869; x_wconf 83' lang='lat' dir='ltr'>hist.</span> <span class='ocrx_word' id='word_1_20' title='bbox 391 836 409 868; x_wconf 96' lang='lat' dir='ltr'>I</span> <span class='ocrx_word' id='word_1_21' title='bbox 430 836 546 875; x_wconf 82' lang='lat'>48,15:</span> <span class='ocrx_word' id='word_1_22' title='bbox 570 835 716 868; x_wconf 88' lang='grc'><strong>01111111111</strong></span> <span class='ocrx_word' id='word_1_23' title='bbox 731 838 783 867; x_wconf 92' lang='lat' dir='ltr'>est</span> 
     </span>
     <span class='ocr_line' id='line_1_6' title="bbox 192 885 782 925; baseline 0 -9"><span class='ocrx_word' id='word_1_24' title='bbox 192 885 277 917; x_wconf 91' lang='lat' dir='ltr'>domi</span> <span class='ocrx_word' id='word_1_25' title='bbox 298 885 362 916; x_wconf 89' lang='lat' dir='ltr'>nisi</span> <span class='ocrx_word' id='word_1_26' title='bbox 384 885 484 917; x_wconf 89' lang='lat' dir='ltr'>armis</span> <span class='ocrx_word' id='word_1_27' title='bbox 498 889 629 925; x_wconf 89' lang='lat' dir='ltr'>partum</span> <span class='ocrx_word' id='word_1_28' title='bbox 651 888 709 916; x_wconf 89' lang='lat' dir='ltr'>aut</span> <span class='ocrx_word' id='word_1_29' title='bbox 723 894 782 924; x_wconf 91' lang='lat' dir='ltr'>per</span> 
     </span>
     <span class='ocr_line' id='line_1_7' title="bbox 191 934 352 966; baseline -0.006 0"><span class='ocrx_word' id='word_1_30' title='bbox 191 934 352 966; x_wconf 85' lang='lat' dir='ltr'>iniuriam.</span> 
     </span>
    </p>

    <p class='ocr_par' dir='ltr' id='par_1_4' title="bbox 193 982 781 1064">
     <span class='ocr_line' id='line_1_8' title="bbox 233 982 781 1023; baseline -0.002 -9"><span class='ocrx_word' id='word_1_31' title='bbox 233 983 283 1015; x_wconf 85' lang='lat'>10:</span> <span class='ocrx_word' id='word_1_32' title='bbox 316 993 376 1023; x_wconf 86' lang='lat' dir='ltr'>per</span> <span class='ocrx_word' id='word_1_33' title='bbox 396 982 603 1016; x_wconf 79' lang='lat' dir='ltr'>Nicomedem</span> <span class='ocrx_word' id='word_1_34' title='bbox 628 982 714 1014; x_wconf 91' lang='lat' dir='ltr'>bello</span> <span class='ocrx_word' id='word_1_35' title='bbox 736 982 781 1013; x_wconf 91' lang='lat' dir='ltr'>la—</span> 
     </span>
     <span class='ocr_line' id='line_1_9' title="bbox 193 1033 406 1064; baseline -0.005 0"><span class='ocrx_word' id='word_1_36' title='bbox 193 1033 406 1064; x_wconf 87' lang='lat' dir='ltr'>cessiverunt.</span> 
     </span>
    </p>

    <p class='ocr_par' dir='ltr' id='par_1_5' title="bbox 192 1080 780 1170">
     <span class='ocr_line' id='line_1_10' title="bbox 233 1080 780 1121; baseline -0.004 -8"><span class='ocrx_word' id='word_1_37' title='bbox 233 1082 283 1113; x_wconf 88' lang='lat'>11:</span> <span class='ocrx_word' id='word_1_38' title='bbox 316 1081 428 1121; x_wconf 81' lang='lat' dir='ltr'><strong>Atque</strong></span> <span class='ocrx_word' id='word_1_39' title='bbox 450 1090 510 1120; x_wconf 88' lang='lat' dir='ltr'>ego</span> <span class='ocrx_word' id='word_1_40' title='bbox 533 1080 622 1112; x_wconf 91' lang='lat' dir='ltr'>ultus</span> <span class='ocrx_word' id='word_1_41' title='bbox 643 1080 780 1112; x_wconf 89' lang='lat' dir='ltr'>iniurias</span> 
     </span>
     <span class='ocr_line' id='line_1_11' title="bbox 192 1130 718 1170; baseline -0.002 -8"><span class='ocrx_word' id='word_1_42' title='bbox 192 1130 398 1163; x_wconf 79' lang='lat' dir='ltr'>Nicomedem</span> <span class='ocrx_word' id='word_1_43' title='bbox 418 1130 579 1170; x_wconf 84' lang='lat' dir='ltr'>Bithynia</span> <span class='ocrx_word' id='word_1_44' title='bbox 601 1130 718 1170; x_wconf 84' lang='lat' dir='ltr'>expuli.</span> 
     </span>
    </p>

    <p class='ocr_par' dir='ltr' id='par_1_6' title="bbox 192 1180 783 1406">
     <span class='ocr_line' id='line_1_12' title="bbox 231 1180 782 1219; baseline -0.002 -8"><span class='ocrx_word' id='word_1_45' title='bbox 231 1181 264 1211; x_wconf 84' lang='lat'>5:</span> <span class='ocrx_word' id='word_1_46' title='bbox 287 1180 435 1219; x_wconf 86' lang='lat' dir='ltr'>Namque</span> <span class='ocrx_word' id='word_1_47' title='bbox 456 1180 613 1211; x_wconf 86' lang='lat' dir='ltr'>Romanis</span> <span class='ocrx_word' id='word_1_48' title='bbox 635 1188 706 1210; x_wconf 89' lang='lat' dir='ltr'>cum</span> <span class='ocrx_word' id='word_1_49' title='bbox 726 1189 782 1210; x_wconf 87' lang='lat' dir='ltr'>na-</span> 
     </span>
     <span class='ocr_line' id='line_1_13' title="bbox 192 1229 782 1268; baseline -0.002 -8"><span class='ocrx_word' id='word_1_50' title='bbox 192 1229 346 1267; x_wconf 75' lang='lat' dir='ltr'>tionibus,</span> <span class='ocrx_word' id='word_1_51' title='bbox 367 1229 505 1268; x_wconf 90' lang='lat' dir='ltr'>populis,</span> <span class='ocrx_word' id='word_1_52' title='bbox 532 1229 666 1268; x_wconf 86' lang='lat' dir='ltr'>regibus</span> <span class='ocrx_word' id='word_1_53' title='bbox 689 1238 782 1260; x_wconf 88' lang='lat' dir='ltr'>cunc-</span> 
     </span>
     <span class='ocr_line' id='line_1_14' title="bbox 193 1277 783 1309; baseline -0.002 0"><span class='ocrx_word' id='word_1_54' title='bbox 193 1278 236 1309; x_wconf 92' lang='lat' dir='ltr'>tis</span> <span class='ocrx_word' id='word_1_55' title='bbox 249 1287 314 1308; x_wconf 87' lang='lat' dir='ltr'>una</span> <span class='ocrx_word' id='word_1_56' title='bbox 326 1280 360 1309; x_wconf 88' lang='lat' dir='ltr'>et</span> <span class='ocrx_word' id='word_1_57' title='bbox 371 1281 513 1309; x_wconf 88' lang='lat' dir='ltr'>eavetus</span> <span class='ocrx_word' id='word_1_58' title='bbox 526 1286 627 1309; x_wconf 86' lang='lat' dir='ltr'>causa</span> <span class='ocrx_word' id='word_1_59' title='bbox 638 1277 783 1308; x_wconf 86' lang='lat' dir='ltr'>bellandi</span> 
     </span>
     <span class='ocr_line' id='line_1_15' title="bbox 192 1326 782 1365; baseline -0.003 -7"><span class='ocrx_word' id='word_1_60' title='bbox 192 1330 253 1365; x_wconf 90' lang='lat' dir='ltr'>est,</span> <span class='ocrx_word' id='word_1_61' title='bbox 280 1327 395 1365; x_wconf 91' lang='lat' dir='ltr'>cupido</span> <span class='ocrx_word' id='word_1_62' title='bbox 422 1326 585 1365; x_wconf 82' lang='lat' dir='ltr'>profunda</span> <span class='ocrx_word' id='word_1_63' title='bbox 611 1326 716 1365; x_wconf 89' lang='lat' dir='ltr'>inperi</span> <span class='ocrx_word' id='word_1_64' title='bbox 749 1330 782 1357; x_wconf 92' lang='lat' dir='ltr'>et</span> 
     </span>
     <span class='ocr_line' id='line_1_16' title="bbox 192 1375 388 1406; baseline 0 0"><span class='ocrx_word' id='word_1_65' title='bbox 192 1375 388 1406; x_wconf 89' lang='lat' dir='ltr'>divitiarum.</span> 
     </span>
    </p>

    <p class='ocr_par' dir='ltr' id='par_1_7' title="bbox 194 1423 782 1504">
     <span class='ocr_line' id='line_1_17' title="bbox 232 1423 782 1462; baseline -0.002 -7"><span class='ocrx_word' id='word_1_66' title='bbox 232 1424 283 1455; x_wconf 84' lang='lat'>15:</span> <span class='ocrx_word' id='word_1_67' title='bbox 306 1433 426 1455; x_wconf 88' lang='lat' dir='ltr'>morem</span> <span class='ocrx_word' id='word_1_68' title='bbox 443 1433 533 1455; x_wconf 90' lang='lat' dir='ltr'>suum</span> <span class='ocrx_word' id='word_1_69' title='bbox 550 1423 656 1455; x_wconf 86' lang='lat' dir='ltr'>onmia</span> <span class='ocrx_word' id='word_1_70' title='bbox 676 1433 782 1462; x_wconf 84' lang='lat' dir='ltr'>regna</span> 
     </span>
     <span class='ocr_line' id='line_1_18' title="bbox 194 1473 545 1504; baseline -0.003 0"><span class='ocrx_word' id='word_1_71' title='bbox 194 1473 411 1504; x_wconf 87' lang='lat' dir='ltr'>subvortundi</span> <span class='ocrx_word' id='word_1_72' title='bbox 433 1473 545 1504; x_wconf 88' lang='lat' dir='ltr'>secuti.</span> 
     </span>
    </p>

    <p class='ocr_par' dir='ltr' id='par_1_8' title="bbox 192 1521 783 1610">
     <span class='ocr_line' id='line_1_19' title="bbox 234 1521 783 1560; baseline 0 -7"><span class='ocrx_word' id='word_1_73' title='bbox 234 1522 285 1553; x_wconf 88' lang='lat'>17:</span> <span class='ocrx_word' id='word_1_74' title='bbox 324 1521 493 1560; x_wconf 84' lang='lat' dir='ltr'>omniaque</span> <span class='ocrx_word' id='word_1_75' title='bbox 525 1530 588 1552; x_wconf 89' lang='grc'><strong>11011</strong></span> <span class='ocrx_word' id='word_1_76' title='bbox 621 1530 718 1552; x_wconf 87' lang='lat' dir='ltr'>serva</span> <span class='ocrx_word' id='word_1_77' title='bbox 749 1525 783 1553; x_wconf 88' lang='lat' dir='ltr'>et</span> 
     </span>
     <span class='ocr_line' id='line_1_20' title="bbox 192 1570 782 1610; baseline -0.002 -7"><span class='ocrx_word' id='word_1_78' title='bbox 192 1580 341 1603; x_wconf 87' lang='lat' dir='ltr'>maxume</span> <span class='ocrx_word' id='word_1_79' title='bbox 367 1580 471 1610; x_wconf 87' lang='lat' dir='ltr'>regna</span> <span class='ocrx_word' id='word_1_80' title='bbox 492 1570 626 1602; x_wconf 85' lang='lat' dir='ltr'>hostilia</span> <span class='ocrx_word' id='word_1_81' title='bbox 653 1571 782 1602; x_wconf 87' lang='lat' dir='ltr'>ducant.</span> 
     </span>
    </p>

    <p class='ocr_par' dir='ltr' id='par_1_9' title="bbox 190 1620 783 2192">
     <span class='ocr_line' id='line_1_21' title="bbox 232 1620 783 1657; baseline -0.002 -5"><span class='ocrx_word' id='word_1_82' title='bbox 232 1621 263 1652; x_wconf 84' lang='lat'>8:</span> <span class='ocrx_word' id='word_1_83' title='bbox 285 1621 472 1657; x_wconf 83' lang='lat' dir='ltr'>Eumenem,</span> <span class='ocrx_word' id='word_1_84' title='bbox 495 1620 586 1651; x_wconf 90' lang='lat' dir='ltr'>cuius</span> <span class='ocrx_word' id='word_1_85' title='bbox 609 1621 783 1651; x_wconf 83' lang='lat' dir='ltr'>amicitiam</span> 
     </span>
     <span class='ocr_line' id='line_1_22' title="bbox 192 1669 782 1708; baseline 0 -8"><span class='ocrx_word' id='word_1_86' title='bbox 192 1670 336 1708; x_wconf 86' lang='lat' dir='ltr'>gloriose</span> <span class='ocrx_word' id='word_1_87' title='bbox 359 1672 538 1707; x_wconf 88' lang='lat' dir='ltr'>ostentant,</span> <span class='ocrx_word' id='word_1_88' title='bbox 560 1669 653 1700; x_wconf 87' lang='lat' dir='ltr'>initio</span> <span class='ocrx_word' id='word_1_89' title='bbox 674 1669 782 1708; x_wconf 88' lang='lat' dir='ltr'>provi-</span> 
     </span>
     <span class='ocr_line' id='line_1_23' title="bbox 192 1718 782 1758; baseline 0 -9"><span class='ocrx_word' id='word_1_90' title='bbox 192 1719 270 1750; x_wconf 88' lang='lat' dir='ltr'>dere</span> <span class='ocrx_word' id='word_1_91' title='bbox 285 1718 460 1757; x_wconf 81' lang='lat' dir='ltr'>Antiocho,</span> <span class='ocrx_word' id='word_1_92' title='bbox 482 1718 571 1758; x_wconf 80' lang='lat' dir='ltr'>pacis</span> <span class='ocrx_word' id='word_1_93' title='bbox 592 1718 782 1756; x_wconf 85' lang='lat' dir='ltr'>mercedem,</span> 
     </span>
     <span class='ocr_line' id='line_1_24' title="bbox 190 1767 783 1807; baseline -0.002 -8"><span class='ocrx_word' id='word_1_94' title='bbox 190 1771 267 1807; x_wconf 86' lang='lat' dir='ltr'>post</span> <span class='ocrx_word' id='word_1_95' title='bbox 308 1768 455 1798; x_wconf 88' lang='lat' dir='ltr'>habitum</span> <span class='ocrx_word' id='word_1_96' title='bbox 501 1767 668 1798; x_wconf 78' lang='lat' dir='ltr'>custodiae</span> <span class='ocrx_word' id='word_1_97' title='bbox 709 1767 783 1805; x_wconf 78' lang='lat' dir='ltr'>agri</span> 
     </span>
     <span class='ocr_line' id='line_1_25' title="bbox 191 1816 781 1856; baseline -0.002 -9"><span class='ocrx_word' id='word_1_98' title='bbox 191 1816 325 1856; x_wconf 89' lang='lat' dir='ltr'>captivi,</span> <span class='ocrx_word' id='word_1_99' title='bbox 353 1816 537 1855; x_wconf 81' lang='lat' dir='ltr'>sumptibus</span> <span class='ocrx_word' id='word_1_100' title='bbox 565 1819 598 1847; x_wconf 89' lang='lat' dir='ltr'>et</span> <span class='ocrx_word' id='word_1_101' title='bbox 620 1820 781 1849; x_wconf 87' lang='lat' dir='ltr'>contume-</span> 
     </span>
     <span class='ocr_line' id='line_1_26' title="bbox 190 1865 782 1905; baseline -0.002 -8"><span class='ocrx_word' id='word_1_102' title='bbox 190 1865 244 1898; x_wconf 89' lang='lat' dir='ltr'>liis</span> <span class='ocrx_word' id='word_1_103' title='bbox 277 1875 317 1897; x_wconf 87' lang='lat' dir='ltr'>ex</span> <span class='ocrx_word' id='word_1_104' title='bbox 348 1875 428 1905; x_wconf 82' lang='lat' dir='ltr'>rege</span> <span class='ocrx_word' id='word_1_105' title='bbox 460 1866 685 1898; x_wconf 88' lang='lat' dir='ltr'>miserrumum</span> <span class='ocrx_word' id='word_1_106' title='bbox 717 1875 782 1897; x_wconf 86' lang='lat' dir='ltr'>ser-</span> 
     </span>
     <span class='ocr_line' id='line_1_27' title="bbox 191 1915 782 1953; baseline 0 -8"><span class='ocrx_word' id='word_1_107' title='bbox 191 1924 305 1945; x_wconf 90' lang='lat' dir='ltr'>vorum</span> <span class='ocrx_word' id='word_1_108' title='bbox 314 1915 459 1950; x_wconf 85' lang='lat' dir='ltr'>effecere,</span> <span class='ocrx_word' id='word_1_109' title='bbox 467 1915 683 1952; x_wconf 84' lang='lat' dir='ltr'>simulatoque</span> <span class='ocrx_word' id='word_1_110' title='bbox 696 1915 782 1953; x_wconf 90' lang='lat' dir='ltr'>inpio</span> 
     </span>
     <span class='ocr_line' id='line_1_28' title="bbox 191 1962 782 1994; baseline 0 0"><span class='ocrx_word' id='word_1_111' title='bbox 191 1966 390 1994; x_wconf 88' lang='lat' dir='ltr'>testamento</span> <span class='ocrx_word' id='word_1_112' title='bbox 422 1963 521 1994; x_wconf 86' lang='lat' dir='ltr'>filium</span> <span class='ocrx_word' id='word_1_113' title='bbox 555 1963 624 1994; x_wconf 86' lang='lat' dir='ltr'>eius</span> <span class='ocrx_word' id='word_1_114' title='bbox 651 1962 782 1994; x_wconf 88' lang='lat' dir='ltr'>Aristo-</span> 
     </span>
     <span class='ocr_line' id='line_1_29' title="bbox 191 2013 782 2052; baseline 0 -9"><span class='ocrx_word' id='word_1_115' title='bbox 191 2013 307 2051; x_wconf 88' lang='lat' dir='ltr'>nicum,</span> <span class='ocrx_word' id='word_1_116' title='bbox 328 2013 403 2052; x_wconf 91' lang='lat' dir='ltr'>quia</span> <span class='ocrx_word' id='word_1_117' title='bbox 417 2013 560 2052; x_wconf 85' lang='lat' dir='ltr'>patrium</span> <span class='ocrx_word' id='word_1_118' title='bbox 575 2021 711 2051; x_wconf 83' lang='lat' dir='ltr'>regnum</span> <span class='ocrx_word' id='word_1_119' title='bbox 728 2022 782 2052; x_wconf 88' lang='lat' dir='ltr'>pe-</span> 
     </span>
     <span class='ocr_line' id='line_1_30' title="bbox 193 2062 781 2100; baseline -0.002 -8"><span class='ocrx_word' id='word_1_120' title='bbox 193 2062 326 2096; x_wconf 86' lang='lat' dir='ltr'>tiverat,</span> <span class='ocrx_word' id='word_1_121' title='bbox 340 2062 483 2092; x_wconf 88' lang='lat' dir='ltr'>hostium</span> <span class='ocrx_word' id='word_1_122' title='bbox 497 2070 585 2092; x_wconf 88' lang='lat' dir='ltr'>more</span> <span class='ocrx_word' id='word_1_123' title='bbox 599 2070 658 2100; x_wconf 89' lang='lat' dir='ltr'>per</span> <span class='ocrx_word' id='word_1_124' title='bbox 670 2062 781 2092; x_wconf 86' lang='lat' dir='ltr'>trium-</span> 
     </span>
     <span class='ocr_line' id='line_1_31' title="bbox 191 2110 782 2150; baseline -0.002 -8"><span class='ocrx_word' id='word_1_125' title='bbox 191 2110 290 2150; x_wconf 88' lang='lat' dir='ltr'>phum</span> <span class='ocrx_word' id='word_1_126' title='bbox 304 2110 440 2142; x_wconf 85' lang='lat' dir='ltr'>duxere:</span> <span class='ocrx_word' id='word_1_127' title='bbox 464 2110 549 2141; x_wconf 90' lang='lat' dir='ltr'>Asia</span> <span class='ocrx_word' id='word_1_128' title='bbox 564 2111 604 2141; x_wconf 89' lang='lat' dir='ltr'>ab</span> <span class='ocrx_word' id='word_1_129' title='bbox 626 2110 706 2150; x_wconf 90' lang='lat' dir='ltr'>ipsis</span> <span class='ocrx_word' id='word_1_130' title='bbox 729 2111 782 2142; x_wconf 91' lang='lat' dir='ltr'>ob-</span> 
     </span>
     <span class='ocr_line' id='line_1_32' title="bbox 195 2163 368 2192; baseline 0 -1"><span class='ocrx_word' id='word_1_131' title='bbox 195 2170 287 2192; x_wconf 90' lang='lat' dir='ltr'>sessa</span> <span class='ocrx_word' id='word_1_132' title='bbox 309 2163 368 2191; x_wconf 88' lang='lat' dir='ltr'>est.</span> 
     </span>
    </p>

    <p class='ocr_par' dir='ltr' id='par_1_10' title="bbox 189 2208 783 2347">
     <span class='ocr_line' id='line_1_33' title="bbox 230 2208 780 2239; baseline -0.002 0"><span class='ocrx_word' id='word_1_133' title='bbox 230 2210 262 2239; x_wconf 86' lang='lat'>6:</span> <span class='ocrx_word' id='word_1_134' title='bbox 273 2209 316 2239; x_wconf 85' lang='lat' dir='ltr'>Ei</span> <span class='ocrx_word' id='word_1_135' title='bbox 328 2208 780 2239; x_wconf 86' lang='lat' dir='ltr'>subvenientemAntiochum</span> 
     </span>
     <span class='ocr_line' id='line_1_34' title="bbox 191 2257 783 2298; baseline -0.002 -8"><span class='ocrx_word' id='word_1_136' title='bbox 191 2257 391 2290; x_wconf 87' lang='lat' dir='ltr'>concessisse</span> <span class='ocrx_word' id='word_1_137' title='bbox 398 2257 501 2290; x_wconf 90' lang='lat' dir='ltr'>Asiae</span> <span class='ocrx_word' id='word_1_138' title='bbox 509 2267 568 2298; x_wconf 88' lang='lat' dir='ltr'>per</span> <span class='ocrx_word' id='word_1_139' title='bbox 576 2257 682 2290; x_wconf 89' lang='lat' dir='ltr'>dolum</span> <span class='ocrx_word' id='word_1_140' title='bbox 690 2267 783 2290; x_wconf 90' lang='lat' dir='ltr'>avor-</span> 
     </span>
     <span class='ocr_line' id='line_1_35' title="bbox 189 2308 782 2347; baseline 0 -8"><span class='ocrx_word' id='word_1_141' title='bbox 189 2312 262 2339; x_wconf 82' lang='lat' dir='ltr'>tere</span> <span class='ocrx_word' id='word_1_142' title='bbox 285 2318 323 2339; x_wconf 87' lang='lat' dir='ltr'>ac</span> <span class='ocrx_word' id='word_1_143' title='bbox 338 2318 409 2339; x_wconf 87' lang='lat' dir='ltr'>mox</span> <span class='ocrx_word' id='word_1_144' title='bbox 424 2308 530 2339; x_wconf 87' lang='lat' dir='ltr'>fracto</span> <span class='ocrx_word' id='word_1_145' title='bbox 545 2308 697 2347; x_wconf 88' lang='lat' dir='ltr'>Philippo</span> <span class='ocrx_word' id='word_1_146' title='bbox 713 2308 782 2339; x_wconf 89' lang='lat' dir='ltr'>An-</span> 
     </span>
    </p>
   </div>
   <div class='ocr_carea' id='block_1_3' title="bbox 841 198 1432 777">
    <p class='ocr_par' dir='ltr' id='par_1_11' title="bbox 843 198 1430 288">
     <span class='ocr_line' id='line_1_36' title="bbox 883 198 1430 238; baseline 0 -8"><span class='ocrx_word' id='word_1_147' title='bbox 883 198 916 230; x_wconf 92' lang='lat'>11</span> <span class='ocrx_word' id='word_1_148' title='bbox 927 211 933 230; x_wconf 95' lang='lat'>:</span> <span class='ocrx_word' id='word_1_149' title='bbox 948 198 1021 230; x_wconf 82' lang='lat' dir='ltr'>Iam</span> <span class='ocrx_word' id='word_1_150' title='bbox 1030 199 1134 238; x_wconf 81' lang='lat' dir='ltr'>ipsam</span> <span class='ocrx_word' id='word_1_151' title='bbox 1145 198 1280 230; x_wconf 85' lang='lat' dir='ltr'>Italiam</span> <span class='ocrx_word' id='word_1_152' title='bbox 1291 223 1297 230; x_wconf 93' lang='lat'>.</span> <span class='ocrx_word' id='word_1_153' title='bbox 1311 223 1317 230; x_wconf 94' lang='lat'><strong><em>.</em></strong></span> <span class='ocrx_word' id='word_1_154' title='bbox 1330 223 1337 230; x_wconf 92' lang='grc'><strong>.</strong></span> <span class='ocrx_word' id='word_1_155' title='bbox 1350 208 1430 230; x_wconf 88' lang='lat' dir='ltr'>nun-</span> 
     </span>
     <span class='ocr_line' id='line_1_37' title="bbox 843 247 1427 288; baseline 0 -8"><span class='ocrx_word' id='word_1_156' title='bbox 843 258 938 288; x_wconf 86' lang='lat' dir='ltr'>quam</span> <span class='ocrx_word' id='word_1_157' title='bbox 960 273 967 280; x_wconf 95' lang='lat'><strong><em>.</em></strong></span> <span class='ocrx_word' id='word_1_158' title='bbox 983 273 990 279; x_wconf 93' lang='lat'>.</span> <span class='ocrx_word' id='word_1_159' title='bbox 1006 272 1012 279; x_wconf 91' lang='lat'>.</span> <span class='ocrx_word' id='word_1_160' title='bbox 1035 247 1118 280; x_wconf 88' lang='lat' dir='ltr'>satis</span> <span class='ocrx_word' id='word_1_161' title='bbox 1139 247 1189 279; x_wconf 89' lang='lat' dir='ltr'>illi</span> <span class='ocrx_word' id='word_1_162' title='bbox 1203 250 1354 287; x_wconf 82' lang='lat' dir='ltr'>pacatam</span> <span class='ocrx_word' id='word_1_163' title='bbox 1374 273 1381 279; x_wconf 96' lang='lat'>.</span> <span class='ocrx_word' id='word_1_164' title='bbox 1397 273 1404 279; x_wconf 88' lang='lat'><em>.</em></span> <span class='ocrx_word' id='word_1_165' title='bbox 1421 273 1427 280; x_wconf 94' lang='lat'><strong><em>.</em></strong></span> 
     </span>
    </p>

    <p class='ocr_par' dir='ltr' id='par_1_12' title="bbox 841 297 1432 427">
     <span class='ocr_line' id='line_1_38' title="bbox 881 297 1432 336; baseline 0 -7"><span class='ocrx_word' id='word_1_166' title='bbox 881 298 932 329; x_wconf 84' lang='lat'>13:</span> <span class='ocrx_word' id='word_1_167' title='bbox 944 297 1081 336; x_wconf 89' lang='lat' dir='ltr'>hocipso</span> <span class='ocrx_word' id='word_1_168' title='bbox 1092 300 1238 336; x_wconf 87' lang='lat' dir='ltr'>tempore</span> <span class='ocrx_word' id='word_1_169' title='bbox 1245 297 1432 329; x_wconf 84' lang='lat' dir='ltr'>universam</span> 
     </span>
     <span class='ocr_line' id='line_1_39' title="bbox 842 345 1430 378; baseline -0.002 0"><span class='ocrx_word' id='word_1_170' title='bbox 842 347 976 378; x_wconf 87' lang='lat' dir='ltr'>Italiam</span> <span class='ocrx_word' id='word_1_171' title='bbox 1009 346 1095 378; x_wconf 90' lang='lat' dir='ltr'>bello</span> <span class='ocrx_word' id='word_1_172' title='bbox 1126 345 1267 377; x_wconf 81' lang='lat' dir='ltr'>Marsico</span> <span class='ocrx_word' id='word_1_173' title='bbox 1299 354 1430 377; x_wconf 82' lang='lat' dir='ltr'>consur-</span> 
     </span>
     <span class='ocr_line' id='line_1_40' title="bbox 841 396 976 427; baseline -0.007 0"><span class='ocrx_word' id='word_1_174' title='bbox 841 396 976 427; x_wconf 85' lang='lat' dir='ltr'>rexisse.</span> 
     </span>
    </p>

    <p class='ocr_par' dir='ltr' id='par_1_13' title="bbox 841 442 1431 672">
     <span class='ocr_line' id='line_1_41' title="bbox 882 442 1430 484; baseline -0.005 -7"><span class='ocrx_word' id='word_1_175' title='bbox 882 445 933 477; x_wconf 80' lang='lat'>14:</span> <span class='ocrx_word' id='word_1_176' title='bbox 966 447 1000 476; x_wconf 90' lang='lat' dir='ltr'>et</span> <span class='ocrx_word' id='word_1_177' title='bbox 1025 443 1161 484; x_wconf 86' lang='lat' dir='ltr'>gravius</span> <span class='ocrx_word' id='word_1_178' title='bbox 1182 442 1288 475; x_wconf 87' lang='lat' dir='ltr'>vicino</span> <span class='ocrx_word' id='word_1_179' title='bbox 1309 442 1430 474; x_wconf 88' lang='lat' dir='ltr'>Italiae</span> 
     </span>
     <span class='ocr_line' id='line_1_42' title="bbox 841 491 1431 532; baseline -0.005 -7"><span class='ocrx_word' id='word_1_180' title='bbox 841 494 928 525; x_wconf 90' lang='lat' dir='ltr'>bello</span> <span class='ocrx_word' id='word_1_181' title='bbox 941 502 1036 532; x_wconf 85' lang='lat' dir='ltr'>quam</span> <span class='ocrx_word' id='word_1_182' title='bbox 1050 492 1235 524; x_wconf 86' lang='lat' dir='ltr'>domesticis</span> <span class='ocrx_word' id='word_1_183' title='bbox 1248 491 1431 532; x_wconf 87' lang='lat' dir='ltr'>principum</span> 
     </span>
     <span class='ocr_line' id='line_1_43' title="bbox 842 540 1428 580; baseline -0.003 -7"><span class='ocrx_word' id='word_1_184' title='bbox 842 543 1040 574; x_wconf 85' lang='lat' dir='ltr'>factionibus</span> <span class='ocrx_word' id='word_1_185' title='bbox 1054 542 1168 573; x_wconf 88' lang='lat' dir='ltr'>urbem</span> <span class='ocrx_word' id='word_1_186' title='bbox 1182 540 1292 580; x_wconf 87' lang='lat' dir='ltr'>premi,</span> <span class='ocrx_word' id='word_1_187' title='bbox 1313 540 1428 571; x_wconf 91' lang='lat' dir='ltr'>multo-</span> 
     </span>
     <span class='ocr_line' id='line_1_44' title="bbox 843 589 1430 631; baseline -0.005 -8"><span class='ocrx_word' id='word_1_188' title='bbox 843 601 904 631; x_wconf 89' lang='lat' dir='ltr'>que</span> <span class='ocrx_word' id='word_1_189' title='bbox 925 590 1140 631; x_wconf 85' lang='lat' dir='ltr'>periculosius</span> <span class='ocrx_word' id='word_1_190' title='bbox 1161 599 1234 622; x_wconf 89' lang='lat' dir='ltr'>esse</span> <span class='ocrx_word' id='word_1_191' title='bbox 1248 589 1366 621; x_wconf 87' lang='lat' dir='ltr'>Italico</span> <span class='ocrx_word' id='word_1_192' title='bbox 1387 589 1430 621; x_wconf 86' lang='lat' dir='ltr'>ci-</span> 
     </span>
     <span class='ocr_line' id='line_1_45' title="bbox 842 640 1058 672; baseline 0 -1"><span class='ocrx_word' id='word_1_193' title='bbox 842 641 908 672; x_wconf 90' lang='lat' dir='ltr'>vile</span> <span class='ocrx_word' id='word_1_194' title='bbox 929 640 1058 672; x_wconf 85' lang='lat' dir='ltr'>bellum.</span> 
     </span>
    </p>

    <p class='ocr_par' dir='ltr' id='par_1_14' title="bbox 842 687 1422 777">
     <span class='ocr_line' id='line_1_46' title="bbox 883 687 1422 728; baseline -0.004 -8"><span class='ocrx_word' id='word_1_195' title='bbox 883 698 908 720; x_wconf 90' lang='lat' dir='ltr'>c.</span> <span class='ocrx_word' id='word_1_196' title='bbox 930 688 959 727; x_wconf 88' lang='lat'>5,</span> <span class='ocrx_word' id='word_1_197' title='bbox 981 689 1013 720; x_wconf 88' lang='lat'>7:</span> <span class='ocrx_word' id='word_1_198' title='bbox 1036 697 1170 728; x_wconf 89' lang='lat' dir='ltr'>quorum</span> <span class='ocrx_word' id='word_1_199' title='bbox 1191 688 1272 719; x_wconf 89' lang='lat' dir='ltr'>nihil</span> <span class='ocrx_word' id='word_1_200' title='bbox 1293 689 1344 719; x_wconf 85' lang='lat' dir='ltr'>est</span> <span class='ocrx_word' id='word_1_201' title='bbox 1358 687 1422 719; x_wconf 88' lang='lat' dir='ltr'>nisi</span> 
     </span>
     <span class='ocr_line' id='line_1_47' title="bbox 842 738 1141 777; baseline 0 -8"><span class='ocrx_word' id='word_1_202' title='bbox 842 739 928 769; x_wconf 90' lang='lat' dir='ltr'>bello</span> <span class='ocrx_word' id='word_1_203' title='bbox 950 738 1141 777; x_wconf 89' lang='lat' dir='ltr'>quaesitum.</span> 
     </span>
    </p>
   </div>
   <div class='ocr_carea' id='block_1_4' title="bbox 842 982 1432 1504">
    <p class='ocr_par' dir='ltr' id='par_1_15' title="bbox 842 982 1431 1164">
     <span class='ocr_line' id='line_1_48' title="bbox 884 982 1430 1022; baseline -0.005 -7"><span class='ocrx_word' id='word_1_204' title='bbox 884 983 933 1015; x_wconf 81' lang='lat'>10:</span> <span class='ocrx_word' id='word_1_205' title='bbox 949 983 1155 1015; x_wconf 86' lang='lat' dir='ltr'>Nicomedem</span> <span class='ocrx_word' id='word_1_206' title='bbox 1170 985 1347 1022; x_wconf 87' lang='lat' dir='ltr'>praecepto</span> <span class='ocrx_word' id='word_1_207' title='bbox 1359 982 1430 1013; x_wconf 93' lang='lat' dir='ltr'>illo-</span> 
     </span>
     <span class='ocr_line' id='line_1_49' title="bbox 842 1032 1431 1070; baseline -0.002 -7"><span class='ocrx_word' id='word_1_208' title='bbox 842 1041 913 1063; x_wconf 90' lang='lat' dir='ltr'>rum</span> <span class='ocrx_word' id='word_1_209' title='bbox 934 1032 1055 1063; x_wconf 88' lang='lat' dir='ltr'>bellum</span> <span class='ocrx_word' id='word_1_210' title='bbox 1077 1032 1139 1063; x_wconf 86' lang='lat' dir='ltr'>sibi</span> <span class='ocrx_word' id='word_1_211' title='bbox 1160 1032 1326 1063; x_wconf 87' lang='lat' dir='ltr'>intulisse:</span> <span class='ocrx_word' id='word_1_212' title='bbox 1355 1032 1431 1070; x_wconf 88' lang='lat' dir='ltr'>quia</span> 
     </span>
     <span class='ocr_line' id='line_1_50' title="bbox 842 1080 1430 1120; baseline -0.002 -8"><span class='ocrx_word' id='word_1_213' title='bbox 842 1081 946 1112; x_wconf 91' lang='lat' dir='ltr'>ultum</span> <span class='ocrx_word' id='word_1_214' title='bbox 967 1081 1044 1112; x_wconf 88' lang='lat' dir='ltr'>ierit</span> <span class='ocrx_word' id='word_1_215' title='bbox 1066 1089 1110 1119; x_wconf 89' lang='lat' dir='ltr'>se,</span> <span class='ocrx_word' id='word_1_216' title='bbox 1133 1081 1173 1111; x_wconf 89' lang='lat' dir='ltr'>ab</span> <span class='ocrx_word' id='word_1_217' title='bbox 1195 1080 1276 1120; x_wconf 89' lang='lat' dir='ltr'>ipsis</span> <span class='ocrx_word' id='word_1_218' title='bbox 1298 1083 1430 1112; x_wconf 88' lang='lat' dir='ltr'>ventum</span> 
     </span>
     <span class='ocr_line' id='line_1_51' title="bbox 844 1130 1096 1164; baseline 0.008 -3"><span class='ocrx_word' id='word_1_219' title='bbox 844 1130 972 1162; x_wconf 88' lang='lat' dir='ltr'>obviam</span> <span class='ocrx_word' id='word_1_220' title='bbox 993 1130 1026 1161; x_wconf 91' lang='lat' dir='ltr'>in</span> <span class='ocrx_word' id='word_1_221' title='bbox 1049 1139 1096 1164; x_wconf 78' lang='lat' dir='ltr'>eo,</span> 
     </span>
    </p>

    <p class='ocr_par' dir='ltr' id='par_1_16' title="bbox 842 1178 1432 1413">
     <span class='ocr_line' id='line_1_52' title="bbox 882 1178 1432 1219; baseline 0 -9"><span class='ocrx_word' id='word_1_222' title='bbox 882 1189 907 1211; x_wconf 87' lang='lat' dir='ltr'>c.</span> <span class='ocrx_word' id='word_1_223' title='bbox 930 1178 960 1218; x_wconf 82' lang='lat'>6,</span> <span class='ocrx_word' id='word_1_224' title='bbox 984 1180 1014 1210; x_wconf 93' lang='lat'>1:</span> <span class='ocrx_word' id='word_1_225' title='bbox 1057 1179 1185 1219; x_wconf 79' lang='lat' dir='ltr'>Quippe</span> <span class='ocrx_word' id='word_1_226' title='bbox 1212 1188 1276 1210; x_wconf 91' lang='grc'><strong>11011</strong></span> <span class='ocrx_word' id='word_1_227' title='bbox 1310 1179 1432 1210; x_wconf 88' lang='lat' dir='ltr'>delicta</span> 
     </span>
     <span class='ocr_line' id='line_1_53' title="bbox 842 1228 1429 1267; baseline 0 -8"><span class='ocrx_word' id='word_1_228' title='bbox 842 1237 957 1267; x_wconf 86' lang='lat' dir='ltr'>regum</span> <span class='ocrx_word' id='word_1_229' title='bbox 976 1229 1060 1267; x_wconf 90' lang='lat' dir='ltr'>illos,</span> <span class='ocrx_word' id='word_1_230' title='bbox 1083 1228 1140 1259; x_wconf 90' lang='lat' dir='ltr'>sed</span> <span class='ocrx_word' id='word_1_231' title='bbox 1162 1228 1249 1259; x_wconf 87' lang='lat' dir='ltr'>vires</span> <span class='ocrx_word' id='word_1_232' title='bbox 1272 1238 1310 1259; x_wconf 87' lang='lat' dir='ltr'>ac</span> <span class='ocrx_word' id='word_1_233' title='bbox 1332 1228 1429 1259; x_wconf 88' lang='lat' dir='ltr'>maie-</span> 
     </span>
     <span class='ocr_line' id='line_1_54' title="bbox 844 1276 1430 1316; baseline 0 -8"><span class='ocrx_word' id='word_1_234' title='bbox 844 1280 964 1308; x_wconf 83' lang='lat' dir='ltr'>statem</span> <span class='ocrx_word' id='word_1_235' title='bbox 985 1276 1112 1316; x_wconf 88' lang='lat' dir='ltr'>insequi</span> <span class='ocrx_word' id='word_1_236' title='bbox 1133 1286 1237 1316; x_wconf 86' lang='lat' dir='ltr'>neque</span> <span class='ocrx_word' id='word_1_237' title='bbox 1259 1277 1293 1308; x_wconf 91' lang='lat' dir='ltr'>in</span> <span class='ocrx_word' id='word_1_238' title='bbox 1307 1286 1370 1308; x_wconf 92' lang='lat' dir='ltr'>uno</span> <span class='ocrx_word' id='word_1_239' title='bbox 1386 1286 1430 1315; x_wconf 88' lang='lat' dir='ltr'>se,</span> 
     </span>
     <span class='ocr_line' id='line_1_55' title="bbox 843 1326 1431 1364; baseline -0.002 -7"><span class='ocrx_word' id='word_1_240' title='bbox 843 1326 900 1357; x_wconf 87' lang='lat' dir='ltr'>sed</span> <span class='ocrx_word' id='word_1_241' title='bbox 929 1326 1003 1357; x_wconf 85' lang='lat' dir='ltr'>aliis</span> <span class='ocrx_word' id='word_1_242' title='bbox 1036 1335 1161 1364; x_wconf 90' lang='lat' dir='ltr'>quoque</span> <span class='ocrx_word' id='word_1_243' title='bbox 1193 1326 1338 1357; x_wconf 92' lang='lat' dir='ltr'>omnibus</span> <span class='ocrx_word' id='word_1_244' title='bbox 1369 1326 1431 1356; x_wconf 87' lang='lat' dir='ltr'>hac</span> 
     </span>
     <span class='ocr_line' id='line_1_56' title="bbox 843 1377 1237 1413; baseline 0.003 -8"><span class='ocrx_word' id='word_1_245' title='bbox 843 1384 941 1413; x_wconf 88' lang='lat' dir='ltr'>saepe</span> <span class='ocrx_word' id='word_1_246' title='bbox 963 1377 1036 1405; x_wconf 89' lang='lat' dir='ltr'>arte</span> <span class='ocrx_word' id='word_1_247' title='bbox 1057 1378 1237 1413; x_wconf 85' lang='lat' dir='ltr'>grassatos.</span> 
     </span>
    </p>

    <p class='ocr_par' dir='ltr' id='par_1_17' title="bbox 843 1423 1431 1504">
     <span class='ocr_line' id='line_1_57' title="bbox 881 1423 1431 1463; baseline 0.002 -9"><span class='ocrx_word' id='word_1_248' title='bbox 881 1424 914 1455; x_wconf 89' lang='lat'>7:</span> <span class='ocrx_word' id='word_1_249' title='bbox 962 1423 1107 1455; x_wconf 91' lang='lat' dir='ltr'>omnibus</span> <span class='ocrx_word' id='word_1_250' title='bbox 1149 1424 1283 1463; x_wconf 85' lang='lat' dir='ltr'>regibus</span> <span class='ocrx_word' id='word_1_251' title='bbox 1324 1424 1431 1462; x_wconf 87' lang='lat' dir='ltr'>legem</span> 
     </span>
     <span class='ocr_line' id='line_1_58' title="bbox 843 1472 1138 1504; baseline 0.003 -1"><span class='ocrx_word' id='word_1_252' title='bbox 843 1472 987 1503; x_wconf 89' lang='lat' dir='ltr'>odiorum</span> <span class='ocrx_word' id='word_1_253' title='bbox 1008 1472 1138 1504; x_wconf 82' lang='lat' dir='ltr'>dixisse.</span> 
     </span>
    </p>
   </div>
   <div class='ocr_carea' id='block_1_5' title="bbox 843 1620 1432 2003">
    <p class='ocr_par' dir='ltr' id='par_1_18' title="bbox 843 1620 1432 2003">
     <span class='ocr_line' id='line_1_59' title="bbox 883 1620 1432 1658; baseline 0.002 -7"><span class='ocrx_word' id='word_1_254' title='bbox 883 1620 975 1651; x_wconf 83' lang='lat'>3—4:</span> <span class='ocrx_word' id='word_1_255' title='bbox 1018 1621 1064 1651; x_wconf 89' lang='lat' dir='ltr'>sic</span> <span class='ocrx_word' id='word_1_256' title='bbox 1097 1630 1212 1652; x_wconf 86' lang='lat' dir='ltr'>rursus</span> <span class='ocrx_word' id='word_1_257' title='bbox 1246 1621 1432 1658; x_wconf 86' lang='lat' dir='ltr'>Eumenem,</span> 
     </span>
     <span class='ocr_line' id='line_1_60' title="bbox 844 1668 1432 1708; baseline 0.002 -9"><span class='ocrx_word' id='word_1_258' title='bbox 844 1668 935 1700; x_wconf 84' lang='lat' dir='ltr'>cuius</span> <span class='ocrx_word' id='word_1_259' title='bbox 957 1669 1117 1700; x_wconf 83' lang='lat' dir='ltr'>classibus</span> <span class='ocrx_word' id='word_1_260' title='bbox 1138 1669 1241 1708; x_wconf 88' lang='lat' dir='ltr'>primo</span> <span class='ocrx_word' id='word_1_261' title='bbox 1263 1669 1296 1700; x_wconf 91' lang='lat' dir='ltr'>in</span> <span class='ocrx_word' id='word_1_262' title='bbox 1315 1669 1432 1700; x_wconf 89' lang='lat' dir='ltr'>Asiam</span> 
     </span>
     <span class='ocr_line' id='line_1_61' title="bbox 844 1718 1432 1757; baseline 0.002 -9"><span class='ocrx_word' id='word_1_263' title='bbox 844 1718 935 1749; x_wconf 86' lang='lat' dir='ltr'>fuere</span> <span class='ocrx_word' id='word_1_264' title='bbox 957 1718 1138 1757; x_wconf 83' lang='lat' dir='ltr'>transiecti,</span> <span class='ocrx_word' id='word_1_265' title='bbox 1166 1719 1256 1750; x_wconf 90' lang='lat' dir='ltr'>cuius</span> <span class='ocrx_word' id='word_1_266' title='bbox 1284 1718 1432 1750; x_wconf 86' lang='lat' dir='ltr'>exercitu</span> 
     </span>
     <span class='ocr_line' id='line_1_62' title="bbox 843 1767 1431 1806; baseline 0 -8"><span class='ocrx_word' id='word_1_267' title='bbox 843 1767 949 1805; x_wconf 80' lang='lat' dir='ltr'>magis</span> <span class='ocrx_word' id='word_1_268' title='bbox 985 1776 1080 1805; x_wconf 87' lang='lat' dir='ltr'>quam</span> <span class='ocrx_word' id='word_1_269' title='bbox 1120 1777 1177 1798; x_wconf 87' lang='lat' dir='ltr'>suo</span> <span class='ocrx_word' id='word_1_270' title='bbox 1213 1770 1247 1798; x_wconf 90' lang='lat' dir='ltr'>et</span> <span class='ocrx_word' id='word_1_271' title='bbox 1280 1777 1431 1806; x_wconf 87' lang='lat' dir='ltr'>magnum</span> 
     </span>
     <span class='ocr_line' id='line_1_63' title="bbox 844 1815 1432 1847; baseline -0.002 0"><span class='ocrx_word' id='word_1_272' title='bbox 844 1816 1043 1847; x_wconf 88' lang='lat' dir='ltr'>Antiochum</span> <span class='ocrx_word' id='word_1_273' title='bbox 1065 1819 1099 1847; x_wconf 91' lang='lat' dir='ltr'>et</span> <span class='ocrx_word' id='word_1_274' title='bbox 1114 1816 1230 1847; x_wconf 85' lang='lat' dir='ltr'>Gallos</span> <span class='ocrx_word' id='word_1_275' title='bbox 1251 1816 1285 1846; x_wconf 81' lang='lat' dir='ltr'>in</span> <span class='ocrx_word' id='word_1_276' title='bbox 1299 1815 1384 1847; x_wconf 88' lang='lat' dir='ltr'>Asia</span> <span class='ocrx_word' id='word_1_277' title='bbox 1398 1818 1432 1846; x_wconf 91' lang='lat' dir='ltr'>et</span> 
     </span>
     <span class='ocr_line' id='line_1_64' title="bbox 844 1865 1431 1905; baseline 0 -8"><span class='ocrx_word' id='word_1_278' title='bbox 844 1876 916 1898; x_wconf 87' lang='lat' dir='ltr'>mox</span> <span class='ocrx_word' id='word_1_279' title='bbox 930 1865 1167 1904; x_wconf 81' lang='lat' dir='ltr'>inMacedonia</span> <span class='ocrx_word' id='word_1_280' title='bbox 1180 1875 1292 1905; x_wconf 82' lang='lat' dir='ltr'>regem</span> <span class='ocrx_word' id='word_1_281' title='bbox 1306 1865 1431 1897; x_wconf 87' lang='lat' dir='ltr'>Persen</span> 
     </span>
     <span class='ocr_line' id='line_1_65' title="bbox 845 1909 1432 1955; baseline -0.003 -9"><span class='ocrx_word' id='word_1_282' title='bbox 845 1919 1037 1946; x_wconf 81' lang='lat' dir='ltr'>domuerant</span> <span class='ocrx_word' id='word_1_283' title='bbox 1068 1919 1102 1946; x_wconf 92' lang='lat' dir='ltr'>et</span> <span class='ocrx_word' id='word_1_284' title='bbox 1127 1909 1232 1955; x_wconf 86' lang='lat' dir='ltr'>ipsum</span> <span class='ocrx_word' id='word_1_285' title='bbox 1252 1924 1311 1953; x_wconf 90' lang='lat' dir='ltr'>pro</span> <span class='ocrx_word' id='word_1_286' title='bbox 1339 1915 1432 1945; x_wconf 86' lang='lat' dir='ltr'>hoste</span> 
     </span>
     <span class='ocr_line' id='line_1_66' title="bbox 843 1962 1432 2003; baseline -0.002 -9"><span class='ocrx_word' id='word_1_287' title='bbox 843 1964 989 1995; x_wconf 84' lang='lat' dir='ltr'>habitum</span> <span class='ocrx_word' id='word_1_288' title='bbox 1001 1964 1094 2003; x_wconf 88' lang='lat' dir='ltr'>eique</span> <span class='ocrx_word' id='word_1_289' title='bbox 1104 1963 1314 1995; x_wconf 87' lang='lat' dir='ltr'>interdictum</span> <span class='ocrx_word' id='word_1_290' title='bbox 1320 1962 1432 2000; x_wconf 86' lang='lat' dir='ltr'>Italia,</span> 
     </span>
    </p>
   </div>
   <div class='ocr_carea' id='block_1_6' title="bbox 844 2012 1438 2053">
    <p class='ocr_par' dir='ltr' id='par_1_19' title="bbox 844 2012 1438 2053">
     <span class='ocr_line' id='line_1_67' title="bbox 844 2012 1438 2053; baseline -0.003 -8"><span class='ocrx_word' id='word_1_291' title='bbox 844 2017 877 2045; x_wconf 89' lang='lat' dir='ltr'>et</span> <span class='ocrx_word' id='word_1_292' title='bbox 899 2014 984 2052; x_wconf 82' lang='lat' dir='ltr'>quod</span> <span class='ocrx_word' id='word_1_293' title='bbox 1005 2023 1075 2045; x_wconf 90' lang='grc'><strong>011111</strong></span> <span class='ocrx_word' id='word_1_294' title='bbox 1102 2014 1172 2053; x_wconf 87' lang='lat' dir='ltr'>ipso</span> <span class='ocrx_word' id='word_1_295' title='bbox 1200 2014 1342 2044; x_wconf 85' lang='lat' dir='ltr'>deforme</span> <span class='ocrx_word' id='word_1_296' title='bbox 1369 2012 1438 2044; x_wconf 36' lang='lat' dir='ltr'>sibi*</span> 
     </span>
    </p>
   </div>
   <div class='ocr_carea' id='block_1_7' title="bbox 843 2061 1430 2150">
    <p class='ocr_par' dir='ltr' id='par_1_20' title="bbox 843 2061 1430 2150">
     <span class='ocr_line' id='line_1_68' title="bbox 843 2061 1430 2101; baseline 0 -9"><span class='ocrx_word' id='word_1_297' title='bbox 843 2066 1053 2101; x_wconf 77' lang='lat' dir='ltr'>putaverant,</span> <span class='ocrx_word' id='word_1_298' title='bbox 1080 2071 1150 2093; x_wconf 89' lang='grc'><strong>011111</strong></span> <span class='ocrx_word' id='word_1_299' title='bbox 1175 2062 1241 2092; x_wconf 82' lang='lat' dir='ltr'>filio</span> <span class='ocrx_word' id='word_1_300' title='bbox 1263 2062 1332 2093; x_wconf 90' lang='lat' dir='ltr'>eius</span> <span class='ocrx_word' id='word_1_301' title='bbox 1354 2061 1430 2092; x_wconf 89' lang='lat' dir='ltr'>Ari-</span> 
     </span>
     <span class='ocr_line' id='line_1_69' title="bbox 844 2111 1283 2150; baseline 0.002 -8"><span class='ocrx_word' id='word_1_302' title='bbox 844 2111 968 2142; x_wconf 88' lang='lat' dir='ltr'>stonico</span> <span class='ocrx_word' id='word_1_303' title='bbox 989 2111 1110 2142; x_wconf 90' lang='lat' dir='ltr'>bellum</span> <span class='ocrx_word' id='word_1_304' title='bbox 1131 2111 1283 2150; x_wconf 82' lang='lat' dir='ltr'>gessisse.</span> 
     </span>
    </p>
   </div>
   <div class='ocr_carea' id='block_1_8' title="bbox 1474 0 1604 296">
    <p class='ocr_par' dir='ltr' id='par_1_21' title="bbox 1474 0 1604 296">
     <span class='ocr_line' id='line_1_70' title="bbox 1474 0 1604 296; baseline 0 2232"><span class='ocrx_word' id='word_1_305' title='bbox 1474 0 1604 296; x_wconf 95' lang='lat' dir='ltr'> </span> 
     </span>
    </p>
   </div>
  </div>
 </body>
</html>
